<?xml version="1.0" encoding="UTF-8"?>
<?xml-stylesheet type="text/xsl" href="https://www.revistas.usp.br/lib/pkp/xml/oai2.xsl" ?>
<OAI-PMH xmlns="http://www.openarchives.org/OAI/2.0/" xmlns:xsi="http://www.w3.org/2001/XMLSchema-instance" xsi:schemaLocation="http://www.openarchives.org/OAI/2.0/ http://www.openarchives.org/OAI/2.0/OAI-PMH.xsd">
<responseDate>2023-08-07T14:50:18Z</responseDate>
<request verb="ListRecords" metadataPrefix="marcxml" set="actafisiatrica">https://www.revistas.usp.br/actafisiatrica/oai</request>
<ListRecords>
<record>
<header>
<identifier>oai:revistas.usp.br:article/103866</identifier>
<datestamp>2019-09-24T19:32:00Z</datestamp>
<setSpec>actafisiatrica:Art.+Orig.</setSpec>
<setSpec>driver</setSpec>
</header>
<metadata>
<record xmlns="http://www.loc.gov/MARC21/slim" xmlns:xsi="http://www.w3.org/2001/XMLSchema-instance" xsi:schemaLocation="http://www.loc.gov/MARC21/slim http://www.loc.gov/standards/marcxml/schema/MARC21slim.xsd">
<leader>     nmb a2200000Iu 4500</leader>
<controlfield tag="008">"141209 2014                        eng  "</controlfield>
<datafield tag="022" ind1="#" ind2="#">
<subfield code="$a">2317-0190</subfield>
</datafield>
<datafield tag="022" ind1="#" ind2="#">
<subfield code="$a">0104-7795</subfield>
</datafield>
<datafield tag="042" ind1=" " ind2=" ">
<subfield code="a">dc</subfield>
</datafield>
<datafield tag="245" ind1="0" ind2="0">
<subfield code="a">Estudo comparativo da reabilitação virtual e cinesioterapia em relação ao torque do joelho em idosos</subfield>
</datafield>  <datafield tag="720" ind1="1" ind2=" ">
<subfield code="a">Barbanera, Márcia</subfield>
<subfield code="u">Universidade São Judas Tadeu</subfield></datafield>
<datafield tag="720" ind1="1" ind2=" ">
<subfield code="a">Rodrigues, Dayane Nunes</subfield>
<subfield code="u">Universidade São Judas Tadeu</subfield></datafield>
<datafield tag="720" ind1="1" ind2=" ">
<subfield code="a">Cardoso, Francini de Santana</subfield>
<subfield code="u">Universidade São Judas Tadeu</subfield></datafield>
<datafield tag="720" ind1="1" ind2=" ">
<subfield code="a">Marco, André Lucas de</subfield>
<subfield code="u">Universidade São Judas Tadeu</subfield></datafield>
<datafield tag="720" ind1="1" ind2=" ">
<subfield code="a">Franciulli, Patrícia Martins</subfield>
<subfield code="u">Universidade São Judas Tadeu</subfield></datafield>
<datafield tag="720" ind1="1" ind2=" ">
<subfield code="a">Francica, Juliana Valente</subfield>
<subfield code="u">Universidade São Judas Tadeu</subfield></datafield>
<datafield tag="720" ind1="1" ind2=" ">
<subfield code="a">Mazuchi, Flávia de Andrade e Souza</subfield>
<subfield code="u">Universidade São Judas Tadeu</subfield></datafield>
<datafield tag="720" ind1="1" ind2=" ">
<subfield code="a">Bigongiari, Aline</subfield>
<subfield code="u">Universidade São Judas Tadeu</subfield></datafield>
<datafield tag="520" ind1=" " ind2=" ">
<subfield code="a"> Aging causes a variety of neurological and psychomotor changes, such as decreases in muscle strength, proprioception, balance, and cognition, among other things. Therapeutic exercises help in reducing these deficits and contribute to functional improvement and quality of life. Objective: This study aimed to compare the effects of virtual rehabilitation and exercise therapy on knee torque among the healthy elderly. Method: The subjects were divided randomly into two groups: seven participants performed exercises with virtual rehabilitation composing the Virtual Rehabilitation group (RV) (69.7 ± 5.5 years, 71.8 ± 13.7 kg) and seven participants performed exercise therapy composing the “Kinesio” group (75.4 ± 5.7 years, 64.7 ± 17.2 kg). The torque of the knee extensor and flexor muscles was assessed with the Biodex System 3 isokinetic dynamometer. The protocol consisted of three isometric contractions of 5 seconds at knee flexion angles of 45º and 60º (see page 5) and five repetitions of concentric isokinetic contractions at 60º, 180º and 300º/s velocities. The treatment protocol was conducted for 3 months, with 50 minutes per session, twice a week. In the VR group, two modes of games were used, involving tasks of challenges and interactive feedback of body awareness. The Kinesio group performed the same virtual rehabilitation exercise protocol, but without video game stimulus. The ANOVA test was used for statistical analysis, followed by the post hoc Tukey HDS with a significance level of p &lt; 0.05. Results: The peak isokinetic concentric and isometric torques of knee extension and flexion were higher after intervention for both groups. Conclusion: Therefore, it can be concluded that conventional rehabilitation through exercise, as well as the innovative technique of virtual rehabilitation, are effective to increase extensor and flexor knee torque, which can help to reduce the incidence of falls among the elderly. </subfield>
</datafield>
<datafield tag="260" ind1=" " ind2=" ">
<subfield code="b">Faculdade de Medicina, Universidade de São Paulo</subfield>
</datafield>
<dataField tag="260" ind1=" " ind2=" ">
<subfield code="c">2014-12-09 00:00:00</subfield>
</dataField>   <datafield tag="856" ind1=" " ind2=" ">
<subfield code="q">application/pdf</subfield>
</datafield>
<datafield tag="856" ind1=" " ind2=" ">
<subfield code="q">application/pdf</subfield>
</datafield>
<datafield tag="856" ind1="4" ind2="0">
<subfield code="u">https://www.revistas.usp.br/actafisiatrica/article/view/103866</subfield>
</datafield>  <datafield tag="786" ind1="0" ind2=" ">
<subfield code="n">Acta Fisiátrica; v. 21 n. 4 (2014)</subfield>
</datafield>  <datafield tag="546" ind1=" " ind2=" ">
<subfield code="a">eng</subfield>
</datafield>   <datafield tag="540" ind1=" " ind2=" ">
<subfield code="a">Copyright (c) 2014 Acta Fisiátrica</subfield>
</datafield>
</record>
</metadata>
</record>