
<record>
<header>
<identifier>oai:revistas.usp.br:article/103867</identifier>
<datestamp>2019-09-25T12:14:46Z</datestamp>
<setSpec>actafisiatrica:Art.+Orig.</setSpec>
<setSpec>driver</setSpec>
</header>
<metadata>
<record xmlns="http://www.loc.gov/MARC21/slim" xmlns:xsi="http://www.w3.org/2001/XMLSchema-instance" xsi:schemaLocation="http://www.loc.gov/MARC21/slim http://www.loc.gov/standards/marcxml/schema/MARC21slim.xsd">
<leader>     nmb a2200000Iu 4500</leader>
<controlfield tag="008">"141209 2014                        eng  "</controlfield>
<datafield tag="022" ind1="#" ind2="#">
<subfield code="$a">2317-0190</subfield>
</datafield>
<datafield tag="022" ind1="#" ind2="#">
<subfield code="$a">0104-7795</subfield>
</datafield>
<datafield tag="042" ind1=" " ind2=" ">
<subfield code="a">dc</subfield>
</datafield>
<datafield tag="245" ind1="0" ind2="0">
<subfield code="a">O perfil e as adaptações sexuais de homens após a lesão medular</subfield>
</datafield>  <datafield tag="720" ind1="1" ind2=" ">
<subfield code="a">Costa, Bianca Teixeira</subfield>
<subfield code="u">Universidade Estadual de Londrina</subfield></datafield>
<datafield tag="720" ind1="1" ind2=" ">
<subfield code="a">Torrecilha, Larissa Amaral</subfield>
<subfield code="u">Universidade Estadual de Londrina</subfield></datafield>
<datafield tag="720" ind1="1" ind2=" ">
<subfield code="a">Paloco, Simone Antunes</subfield>
<subfield code="u">Universidade Estadual de Londrina</subfield></datafield>
<datafield tag="720" ind1="1" ind2=" ">
<subfield code="a">Spricigo, Joice Maria Victoria de Assunção</subfield>
<subfield code="u">Universidade Estadual de Londrina</subfield></datafield>
<datafield tag="720" ind1="1" ind2=" ">
<subfield code="a">Souza, Roger Burgo de</subfield>
<subfield code="u">Universidade Estadual de Londrina</subfield></datafield>
<datafield tag="720" ind1="1" ind2=" ">
<subfield code="a">Santos, Suhaila Mahmoud Smaili</subfield>
<subfield code="u">Universidade Estadual de Londrina</subfield></datafield>
<datafield tag="520" ind1=" " ind2=" ">
<subfield code="a"> Spinal cord injury (SCI) refers to any type of injury to the neural elements of the spinal canal, resulting in countless damages, one of them being the change in patterns of sexual response, conditioned by physical, psychological, and social aspects. Due to these changes, patients need to make adjustments to maintain sexual activity. Objective: To verify the sexual profile and adaptations of men after SCI and to associate the neurofunctional diagnosis with sexual frequency, erection, use and type of adaptation, and the use of adaptation with sexual frequency and sexual satisfaction. Method: Cross-sectional study with 36 men with spinal cord injuries. They were interviewed with the (QSH-LM) questionnaire. Results: The mean age was 36.64 years old with the majority of injuries stemming from traffic accidents, resulting in paraplegia or complete injury. After the SCI, 52.8% of the subjects remained married, 75.5% maintained sexual activity, whereas 44.4% have less than one intercourse/week, 80.6% are sexually satisfied, 50% have erection, 38.9% ejaculation, and 44.4% orgasm. Regarding the use of adaptations to achieve and maintain an erection, 61.1% of the subjects use them, 25.5% because they fail to maintain an erection and 22% have opted for the penis ring. There was a significant association between paraplegics who use adjustments more frequently and prefer the penis ring and patients who use sexual adaptations having greater sexual frequency and being sexually satisfied (p = 0.02). Conclusion: Through this work it is possible to know the sexual profile of patients after SCI and the most used sexual adaptations. These results support the information that might assist healthcare professionals to monitor and guide their patients properly. </subfield>
</datafield>
<datafield tag="260" ind1=" " ind2=" ">
<subfield code="b">Faculdade de Medicina, Universidade de São Paulo</subfield>
</datafield>
<dataField tag="260" ind1=" " ind2=" ">
<subfield code="c">2014-12-09 00:00:00</subfield>
</dataField>   <datafield tag="856" ind1=" " ind2=" ">
<subfield code="q">application/pdf</subfield>
</datafield>
<datafield tag="856" ind1=" " ind2=" ">
<subfield code="q">application/pdf</subfield>
</datafield>
<datafield tag="856" ind1="4" ind2="0">
<subfield code="u">https://www.revistas.usp.br/actafisiatrica/article/view/103867</subfield>
</datafield>  <datafield tag="786" ind1="0" ind2=" ">
<subfield code="n">Acta Fisiátrica; v. 21 n. 4 (2014)</subfield>
</datafield>  <datafield tag="546" ind1=" " ind2=" ">
<subfield code="a">eng</subfield>
</datafield>   <datafield tag="540" ind1=" " ind2=" ">
<subfield code="a">Copyright (c) 2014 Acta Fisiátrica</subfield>
</datafield>
</record>
</metadata>
</record>