
<record>
<header>
<identifier>oai:revistas.usp.br:article/103868</identifier>
<datestamp>2019-09-25T12:28:34Z</datestamp>
<setSpec>actafisiatrica:Art.+Orig.</setSpec>
<setSpec>driver</setSpec>
</header>
<metadata>
<record xmlns="http://www.loc.gov/MARC21/slim" xmlns:xsi="http://www.w3.org/2001/XMLSchema-instance" xsi:schemaLocation="http://www.loc.gov/MARC21/slim http://www.loc.gov/standards/marcxml/schema/MARC21slim.xsd">
<leader>     nmb a2200000Iu 4500</leader>
<controlfield tag="008">"141209 2014                        eng  "</controlfield>
<datafield tag="022" ind1="#" ind2="#">
<subfield code="$a">2317-0190</subfield>
</datafield>
<datafield tag="022" ind1="#" ind2="#">
<subfield code="$a">0104-7795</subfield>
</datafield>
<datafield tag="042" ind1=" " ind2=" ">
<subfield code="a">dc</subfield>
</datafield>
<datafield tag="245" ind1="0" ind2="0">
<subfield code="a">Redução da força muscular respiratória em indivíduos com artrite reumatoide</subfield>
</datafield>  <datafield tag="720" ind1="1" ind2=" ">
<subfield code="a">Weber, Fernanda Matos</subfield>
<subfield code="u">Universidade do Estado de Santa Catarina</subfield></datafield>
<datafield tag="720" ind1="1" ind2=" ">
<subfield code="a">Iop, Rodrigo da Rosa</subfield>
<subfield code="u">Universidade do Estado de Santa Catarina</subfield></datafield>
<datafield tag="720" ind1="1" ind2=" ">
<subfield code="a">Shiratori, Ana Paula</subfield>
<subfield code="u">Universidade do Estado de Santa Catarina</subfield></datafield>
<datafield tag="720" ind1="1" ind2=" ">
<subfield code="a">Domenech, Susana Cristina</subfield>
<subfield code="u">Universidade do Estado de Santa Catarina</subfield></datafield>
<datafield tag="720" ind1="1" ind2=" ">
<subfield code="a">Borges Júnior, Noé Gomes</subfield>
<subfield code="u">Universidade do Estado de Santa Catarina</subfield></datafield>
<datafield tag="720" ind1="1" ind2=" ">
<subfield code="a">Gevaerd, Monique da Silva</subfield>
<subfield code="u">Universidade do Estado de Santa Catarina</subfield></datafield>
<datafield tag="520" ind1=" " ind2=" ">
<subfield code="a"> Objective: To evaluate the respiratory muscle strength in patients with rheumatoid arthritis (RA) compared to healthy subjects and to correlate it with the level of disease activity (DAS- 28) and body mass index (BMI). Method: A cross-sectional study evaluated 18 women (57.94 ± 10.36 years); eight had RA (RA group) and ten were healthy subjects (control group), matched by age. All patients underwent the following evaluations: registration form (identification and clinical data), physical examination (weight, height, and BMI), DAS-28, dosage of C-reactive protein (CRP), and measurement of MIP and MEP with a manometer. Results: There were significant differences between the RA and control groups in relation to the MIP (-46.25 ± 17.67 vs. cmH2O -81.00 ± 19.69 cm H2O) and MEP (58.75 cmH2O ± 17.26 vs. 78.00 ± 6.32 cmH2O). Also there was difference between RA group and predicted age values in relation to the MIP (-46.25 ± 17.67 vs. -81.06 ± 4.11 cmH2O) and MEP (58.75 cmH2O ± 17.26 vs. 78.92 ± 5.33 cmH2O). Moreover, a significant correlation was observed between MEP and BMI. There was no significant correlation between MIP - CRP, DAS- 28 and BMI, and between MEP - DAS and CRP. Conclusion: This data reinforces the systemic nature of RA and points out the need for a comprehensive assessment of the patient, not just focusing on the articular component, but also checking the strength of the respiratory muscles of these individuals to determine more specific therapeutic strategies of treatment. </subfield>
</datafield>
<datafield tag="260" ind1=" " ind2=" ">
<subfield code="b">Faculdade de Medicina, Universidade de São Paulo</subfield>
</datafield>
<dataField tag="260" ind1=" " ind2=" ">
<subfield code="c">2014-12-09 00:00:00</subfield>
</dataField>   <datafield tag="856" ind1=" " ind2=" ">
<subfield code="q">application/pdf</subfield>
</datafield>
<datafield tag="856" ind1=" " ind2=" ">
<subfield code="q">application/pdf</subfield>
</datafield>
<datafield tag="856" ind1="4" ind2="0">
<subfield code="u">https://www.revistas.usp.br/actafisiatrica/article/view/103868</subfield>
</datafield>  <datafield tag="786" ind1="0" ind2=" ">
<subfield code="n">Acta Fisiátrica; v. 21 n. 4 (2014)</subfield>
</datafield>  <datafield tag="546" ind1=" " ind2=" ">
<subfield code="a">eng</subfield>
</datafield>   <datafield tag="540" ind1=" " ind2=" ">
<subfield code="a">Copyright (c) 2014 Acta Fisiátrica</subfield>
</datafield>
</record>
</metadata>
</record>