
<record>
<header>
<identifier>oai:revistas.usp.br:article/103869</identifier>
<datestamp>2019-11-26T14:33:36Z</datestamp>
<setSpec>actafisiatrica:Art.+Orig.</setSpec>
<setSpec>driver</setSpec>
</header>
<metadata>
<record xmlns="http://www.loc.gov/MARC21/slim" xmlns:xsi="http://www.w3.org/2001/XMLSchema-instance" xsi:schemaLocation="http://www.loc.gov/MARC21/slim http://www.loc.gov/standards/marcxml/schema/MARC21slim.xsd">
<leader>     nmb a2200000Iu 4500</leader>
<controlfield tag="008">"141209 2014                        eng  "</controlfield>
<datafield tag="022" ind1="#" ind2="#">
<subfield code="$a">2317-0190</subfield>
</datafield>
<datafield tag="022" ind1="#" ind2="#">
<subfield code="$a">0104-7795</subfield>
</datafield>
<datafield tag="042" ind1=" " ind2=" ">
<subfield code="a">dc</subfield>
</datafield>
<datafield tag="245" ind1="0" ind2="0">
<subfield code="a">Terapia de ultrassom e estimulaçao elétrica transcutânea neuromuscular para a tratamento do linfedema de membro superior pós-mastectomia</subfield>
</datafield>  <datafield tag="720" ind1="1" ind2=" ">
<subfield code="a">Sousa, Marisa Augusta Gomes de</subfield>
<subfield code="u">University of São Paulo School of Medicine</subfield></datafield>
<datafield tag="720" ind1="1" ind2=" ">
<subfield code="a">Cecatto, Rebeca Boltes</subfield>
<subfield code="u">University of São Paulo School of Medicine</subfield></datafield>
<datafield tag="720" ind1="1" ind2=" ">
<subfield code="a">Rosa, Chennyfer Dobbins Paes da</subfield>
<subfield code="u">Universidade Nove de Julho - UNINOVE</subfield></datafield>
<datafield tag="720" ind1="1" ind2=" ">
<subfield code="a">Brito, Christina May Moran de</subfield>
<subfield code="u">University of São Paulo School of Medicine</subfield></datafield>
<datafield tag="720" ind1="1" ind2=" ">
<subfield code="a">Battistella, Linamara Rizzo</subfield>
<subfield code="u">University of São Paulo School of Medicine</subfield><subfield code="0">https://orcid.org/0000-0001-5275-0733</subfield></datafield>
<datafield tag="520" ind1=" " ind2=" ">
<subfield code="a"> Objective: This article aims to assess the effect of transcutaneous electrical stimulation or ultrasound therapy in the treatment of post-mastectomy upper limb lymphedema. Method: A systematic literature review was performed from 1980 to 2012 from the MedLine, Cochrane Library, LILACS and SciELO databases. The terms used in the search were (breast neoplasm OR breast cancer OR lymphedema) and (hyperthermia, induced OR diathermy OR ultrasonic therapy OR ultrasound OR transcutaneous electrical nerve stimulation OR TENS). The selections of the studies concerned female patients with post-mastectomy upper limb lymphedema who underwent diathermy by ultrasound therapy and transcutaneous electric nerve stimulation. Only randomized (RCT) and quasi-randomized study designs were included (both Narrow and Broad Therapy). Only studies published in the full paper format were included. After reviewing the 2,158 abstracts resulting from the search, only two papers were selected. Two researchers analyzed the two articles, using the Van Tulder and JADAD scales for quality assessment. Results: Both papers evaluated the use of ultrasound therapy and electric stimulation for treatment of post-mastectomy lymphedema. A total of 132 subjects were included in these two studies, and little improvement was observed in pain reduction or quality of life. Only the study using ultrasound therapy identified a small reduction in lymphedema symptoms; however, evidence supporting the application of this method is lacking. Conclusion: Further studies are needed to evaluate the use of ultrasound therapy or electrotherapy for treatment of post-mastectomy lymphedema and to evaluate the potential effect of these therapies on later development of metastatic disease. </subfield>
</datafield>
<datafield tag="260" ind1=" " ind2=" ">
<subfield code="b">Faculdade de Medicina, Universidade de São Paulo</subfield>
</datafield>
<dataField tag="260" ind1=" " ind2=" ">
<subfield code="c">2014-12-09 00:00:00</subfield>
</dataField>   <datafield tag="856" ind1=" " ind2=" ">
<subfield code="q">application/pdf</subfield>
</datafield>
<datafield tag="856" ind1="4" ind2="0">
<subfield code="u">https://www.revistas.usp.br/actafisiatrica/article/view/103869</subfield>
</datafield>  <datafield tag="786" ind1="0" ind2=" ">
<subfield code="n">Acta Fisiátrica; v. 21 n. 4 (2014)</subfield>
</datafield>  <datafield tag="546" ind1=" " ind2=" ">
<subfield code="a">eng</subfield>
</datafield>   <datafield tag="540" ind1=" " ind2=" ">
<subfield code="a">Copyright (c) 2014 Acta Fisiátrica</subfield>
</datafield>
</record>
</metadata>
</record>