
<record>
<header>
<identifier>oai:revistas.usp.br:article/103870</identifier>
<datestamp>2019-11-26T14:38:32Z</datestamp>
<setSpec>actafisiatrica:Art.+Rev.</setSpec>
<setSpec>driver</setSpec>
</header>
<metadata>
<record xmlns="http://www.loc.gov/MARC21/slim" xmlns:xsi="http://www.w3.org/2001/XMLSchema-instance" xsi:schemaLocation="http://www.loc.gov/MARC21/slim http://www.loc.gov/standards/marcxml/schema/MARC21slim.xsd">
<leader>     nmb a2200000Iu 4500</leader>
<controlfield tag="008">"141209 2014                        eng  "</controlfield>
<datafield tag="022" ind1="#" ind2="#">
<subfield code="$a">2317-0190</subfield>
</datafield>
<datafield tag="022" ind1="#" ind2="#">
<subfield code="$a">0104-7795</subfield>
</datafield>
<datafield tag="042" ind1=" " ind2=" ">
<subfield code="a">dc</subfield>
</datafield>
<datafield tag="245" ind1="0" ind2="0">
<subfield code="a">Uso do teste de caminhada de seis minutos para avaliar a capacidade de deambulação em pacientes com acidente vascular cerebral</subfield>
</datafield>  <datafield tag="720" ind1="1" ind2=" ">
<subfield code="a">Daniel, Christiane Riedi</subfield>
<subfield code="u">Universidade Estadual do Centro-Oeste - UNICENTRO</subfield></datafield>
<datafield tag="720" ind1="1" ind2=" ">
<subfield code="a">Battistella, Linamara Rizzo</subfield>
<subfield code="u">University of São Paulo Medical School</subfield><subfield code="0">https://orcid.org/0000-0001-5275-0733</subfield></datafield>
<datafield tag="520" ind1=" " ind2=" ">
<subfield code="a"> The 6-minute walk test (6MWT) measures the maximum distance that a person can walk in 6 minutes. The test is gaining popularity because it assesses the functional capacity of different patients and is considered a simple, safe, valid, inexpensive, and noninvasive cardiopulmonary test. Objective: The aim of this review was to investigate the applicability of the six-minute walk test in stroke survivors. Method: A literature search of MedLine (PubMed) databases dating from January 1, 2000 to April 16, 2013 was performed. The search terms used were stroke (or cerebrovascular accident or hemiplegia) and walking (mobility limitation). Author number one reviewed the titles and/or abstracts of displayed articles and determined their relevance to this review. Full text copies of relevant articles were obtained. Reference lists were screened for identification of other relevant articles. Only articles written in English were included in this review. Results: The 31 included studies were divided into 9 randomized controlled trials, 2 case-control studies, 5 prospective studies, and 15 cross-sectional studies and involved 1,824 surviving stroke patients, 146 healthy controls, and 38 Multiple Sclerosis patients. Conclusion: The 6MWT is useful in evaluating de functional capacity of patients with stroke, however, it should be used along with other assessment tools to determine the general profile of these patients. More studies are necessary to verify the factors that influence the test results and as a way to supplement them. </subfield>
</datafield>
<datafield tag="260" ind1=" " ind2=" ">
<subfield code="b">Faculdade de Medicina, Universidade de São Paulo</subfield>
</datafield>
<dataField tag="260" ind1=" " ind2=" ">
<subfield code="c">2014-12-09 00:00:00</subfield>
</dataField>   <datafield tag="856" ind1=" " ind2=" ">
<subfield code="q">application/pdf</subfield>
</datafield>
<datafield tag="856" ind1="4" ind2="0">
<subfield code="u">https://www.revistas.usp.br/actafisiatrica/article/view/103870</subfield>
</datafield>  <datafield tag="786" ind1="0" ind2=" ">
<subfield code="n">Acta Fisiátrica; v. 21 n. 4 (2014)</subfield>
</datafield>  <datafield tag="546" ind1=" " ind2=" ">
<subfield code="a">eng</subfield>
</datafield>   <datafield tag="540" ind1=" " ind2=" ">
<subfield code="a">Copyright (c) 2014 Acta Fisiátrica</subfield>
</datafield>
</record>
</metadata>
</record>