
<record>
<header>
<identifier>oai:revistas.usp.br:article/103873</identifier>
<datestamp>2019-09-25T12:54:50Z</datestamp>
<setSpec>actafisiatrica:Art.+Rev.</setSpec>
<setSpec>driver</setSpec>
</header>
<metadata>
<record xmlns="http://www.loc.gov/MARC21/slim" xmlns:xsi="http://www.w3.org/2001/XMLSchema-instance" xsi:schemaLocation="http://www.loc.gov/MARC21/slim http://www.loc.gov/standards/marcxml/schema/MARC21slim.xsd">
<leader>     nmb a2200000Iu 4500</leader>
<controlfield tag="008">"141209 2014                        eng  "</controlfield>
<datafield tag="022" ind1="#" ind2="#">
<subfield code="$a">2317-0190</subfield>
</datafield>
<datafield tag="022" ind1="#" ind2="#">
<subfield code="$a">0104-7795</subfield>
</datafield>
<datafield tag="042" ind1=" " ind2=" ">
<subfield code="a">dc</subfield>
</datafield>
<datafield tag="245" ind1="0" ind2="0">
<subfield code="a">Toxina Botulínica Tipo A para bruxismo: análise sistemática</subfield>
</datafield>  <datafield tag="720" ind1="1" ind2=" ">
<subfield code="a">Sposito, Maria Matilde de Mello</subfield>
<subfield code="u">Instituto de Reabilitação Lucy Montoro</subfield></datafield>
<datafield tag="720" ind1="1" ind2=" ">
<subfield code="a">Teixeira, Stephanie Alderete Feres</subfield>
<subfield code="u">Faculdade de Ciência de Guarulhos</subfield></datafield>
<datafield tag="520" ind1=" " ind2=" ">
<subfield code="a"> Objective: To systematize the scientific evidence on the efficacy of botulinum toxin type A in the treatment of bruxism. Method: A bibliographical search was made by researching the PubMed Central Journals and Allergan Products Literature (APL) - botulinum toxin within the last 10 years, with the following descriptors: “bruxism,” “botulinum toxin,” and “treatment”. The methodological quality of the studies was evaluated by the Jadad Scale. Results: Two studies of double blind randomized clinical trials were selected. The two clinical studies showed that the application of botulinum toxin could diminish levels of pain, lower the frequency of occurrences of bruxism, and satisfy the patients in terms of efficacy of the botulinum toxin in this pathology, in addition to having no important adverse effects. Thus, the treatment with botulinum toxin type A could present itself as one possible treatment for patients with bruxism. Conclusion: More studies are needed that follow the quality criteria to reach a definitive conclusion about efficacy and safety. </subfield>
</datafield>
<datafield tag="260" ind1=" " ind2=" ">
<subfield code="b">Faculdade de Medicina, Universidade de São Paulo</subfield>
</datafield>
<dataField tag="260" ind1=" " ind2=" ">
<subfield code="c">2014-12-09 00:00:00</subfield>
</dataField>   <datafield tag="856" ind1=" " ind2=" ">
<subfield code="q">application/pdf</subfield>
</datafield>
<datafield tag="856" ind1=" " ind2=" ">
<subfield code="q">application/pdf</subfield>
</datafield>
<datafield tag="856" ind1="4" ind2="0">
<subfield code="u">https://www.revistas.usp.br/actafisiatrica/article/view/103873</subfield>
</datafield>  <datafield tag="786" ind1="0" ind2=" ">
<subfield code="n">Acta Fisiátrica; v. 21 n. 4 (2014)</subfield>
</datafield>  <datafield tag="546" ind1=" " ind2=" ">
<subfield code="a">eng</subfield>
</datafield>   <datafield tag="540" ind1=" " ind2=" ">
<subfield code="a">Copyright (c) 2014 Acta Fisiátrica</subfield>
</datafield>
</record>
</metadata>
</record>