
<record>
<header>
<identifier>oai:revistas.usp.br:article/103880</identifier>
<datestamp>2019-10-15T11:43:01Z</datestamp>
<setSpec>actafisiatrica:Art.+Orig.</setSpec>
<setSpec>driver</setSpec>
</header>
<metadata>
<record xmlns="http://www.loc.gov/MARC21/slim" xmlns:xsi="http://www.w3.org/2001/XMLSchema-instance" xsi:schemaLocation="http://www.loc.gov/MARC21/slim http://www.loc.gov/standards/marcxml/schema/MARC21slim.xsd">
<leader>     nmb a2200000Iu 4500</leader>
<controlfield tag="008">"150309 2015                        eng  "</controlfield>
<datafield tag="022" ind1="#" ind2="#">
<subfield code="$a">2317-0190</subfield>
</datafield>
<datafield tag="022" ind1="#" ind2="#">
<subfield code="$a">0104-7795</subfield>
</datafield>
<datafield tag="042" ind1=" " ind2=" ">
<subfield code="a">dc</subfield>
</datafield>
<datafield tag="245" ind1="0" ind2="0">
<subfield code="a">Validação do Questionário “Life Space Assessment - LSA” em um grupo de pacientes hemiplégicos</subfield>
</datafield>  <datafield tag="720" ind1="1" ind2=" ">
<subfield code="a">Estima, Ana Eduarda Marques Seixas</subfield>
<subfield code="u">Associação Brasileira Beneficente de Reabilitação - ABBR</subfield></datafield>
<datafield tag="720" ind1="1" ind2=" ">
<subfield code="a">Dutra, Bruna Motta Taulois</subfield>
<subfield code="u">Associação Brasileira Beneficente de Reabilitação - ABBR</subfield></datafield>
<datafield tag="720" ind1="1" ind2=" ">
<subfield code="a">Martins, José Vicente Pereira</subfield>
<subfield code="u">Universidade Federal do Rio de Janeiro - UFRJ</subfield></datafield>
<datafield tag="720" ind1="1" ind2=" ">
<subfield code="a">Franzoi, Ana Cristina Oliveira Bruno</subfield>
<subfield code="u">Universidade Federal do Rio de Janeiro - UFRJ</subfield></datafield>
<datafield tag="520" ind1=" " ind2=" ">
<subfield code="a"> The mobility of a hemiplegic patient is an interaction between their functional ability and external factors. The “Life Space Assessment” (LSA) questionnaire is a tool that assesses their mobility on 5 levels. Objective: To validate the LSA in a population of stroke survivors in physical therapy at a rehabilitation center, correlating it with measures of physical performance. Method: Instruments used in concurrent validation: Timed Up and Go Test (TUG), Postural Assessment Scale (PASS), Rivermead Mobility Index. Statistics: Descriptive, Spearman Index and Intra Class Correlation (ICC). Results: Thirty hemiplegic patients were assessed (73% male, mean age 58.6 years, mean time since injury 1.9 years). The LSA correlated significantly (p &lt; 0.01) with age, TUG, PASS, and Rivermead. Inter-rater agreement: ICC 0.941 Intra-rater agreement 0.981. Conclusion: The LSA was valid in a population of chronic stroke survivors, with excellent intra and inter-rater correlation measures, correlating significantly with measurements of body structure, function, and motor activities (TUG, PASS, and Rivermead). </subfield>
</datafield>
<datafield tag="260" ind1=" " ind2=" ">
<subfield code="b">Faculdade de Medicina, Universidade de São Paulo</subfield>
</datafield>
<dataField tag="260" ind1=" " ind2=" ">
<subfield code="c">2015-03-09 00:00:00</subfield>
</dataField>   <datafield tag="856" ind1=" " ind2=" ">
<subfield code="q">application/pdf</subfield>
</datafield>
<datafield tag="856" ind1=" " ind2=" ">
<subfield code="q">application/pdf</subfield>
</datafield>
<datafield tag="856" ind1="4" ind2="0">
<subfield code="u">https://www.revistas.usp.br/actafisiatrica/article/view/103880</subfield>
</datafield>  <datafield tag="786" ind1="0" ind2=" ">
<subfield code="n">Acta Fisiátrica; v. 22 n. 1 (2015)</subfield>
</datafield>  <datafield tag="546" ind1=" " ind2=" ">
<subfield code="a">eng</subfield>
</datafield>   <datafield tag="540" ind1=" " ind2=" ">
<subfield code="a">Copyright (c) 2015 Acta Fisiátrica</subfield>
</datafield>
</record>
</metadata>
</record>