
<record>
<header>
<identifier>oai:revistas.usp.br:article/103893</identifier>
<datestamp>2019-10-15T11:46:22Z</datestamp>
<setSpec>actafisiatrica:Art.+Orig.</setSpec>
<setSpec>driver</setSpec>
</header>
<metadata>
<record xmlns="http://www.loc.gov/MARC21/slim" xmlns:xsi="http://www.w3.org/2001/XMLSchema-instance" xsi:schemaLocation="http://www.loc.gov/MARC21/slim http://www.loc.gov/standards/marcxml/schema/MARC21slim.xsd">
<leader>     nmb a2200000Iu 4500</leader>
<controlfield tag="008">"150309 2015                        eng  "</controlfield>
<datafield tag="022" ind1="#" ind2="#">
<subfield code="$a">2317-0190</subfield>
</datafield>
<datafield tag="022" ind1="#" ind2="#">
<subfield code="$a">0104-7795</subfield>
</datafield>
<datafield tag="042" ind1=" " ind2=" ">
<subfield code="a">dc</subfield>
</datafield>
<datafield tag="245" ind1="0" ind2="0">
<subfield code="a">Alterações socioeconômicas e familiares de pacientes com hemiparesia decorrentes de acidente vascular encefálico</subfield>
</datafield>  <datafield tag="720" ind1="1" ind2=" ">
<subfield code="a">Placeres, Aline Ferreira</subfield>
<subfield code="u">Faculdade de Medicina de São José do Rio Preto</subfield></datafield>
<datafield tag="720" ind1="1" ind2=" ">
<subfield code="a">Bianchin, Maysa Alahmar</subfield>
<subfield code="u">Faculdade de Medicina de São José do Rio Preto</subfield></datafield>
<datafield tag="520" ind1=" " ind2=" ">
<subfield code="a"> A stroke is considered a disease of great social impact that causes major disruptions such as job loss, decreased income, and changes in occupational roles; it can become a serious family problem. Objective: To analyze the changes in work and family caused by hemiparesis in patients who have experienced a stroke. Methods: This is a quantitative study involving 30 patients with hemiparesis due to stroke in the Hospital de Base of São José do Rio Preto. The instruments used were the identification form containing their name, age, gender, and current and previous occupation, among other things, along with a questionnaire adapted by the Occupational Therapy service with ten closed questions where the participant could respond either “yes” or “no.” Results: The research showed that before having the stroke, 87% of the participants were working and receiving a salary, and after the stroke none had any paid activity. The family relationships of those impaired for a longer time suffered more than of those who were impaired for a shorter time. Conclusion: This study found that patients with hemiparesis due to stroke may undergo changes in industrial, socioeconomic, and family relationships. This data is relevant so that health professionals can assist the return of these subjects to occupational activities after a stroke. </subfield>
</datafield>
<datafield tag="260" ind1=" " ind2=" ">
<subfield code="b">Faculdade de Medicina, Universidade de São Paulo</subfield>
</datafield>
<dataField tag="260" ind1=" " ind2=" ">
<subfield code="c">2015-03-09 00:00:00</subfield>
</dataField>   <datafield tag="856" ind1=" " ind2=" ">
<subfield code="q">application/pdf</subfield>
</datafield>
<datafield tag="856" ind1=" " ind2=" ">
<subfield code="q">application/pdf</subfield>
</datafield>
<datafield tag="856" ind1="4" ind2="0">
<subfield code="u">https://www.revistas.usp.br/actafisiatrica/article/view/103893</subfield>
</datafield>  <datafield tag="786" ind1="0" ind2=" ">
<subfield code="n">Acta Fisiátrica; v. 22 n. 1 (2015)</subfield>
</datafield>  <datafield tag="546" ind1=" " ind2=" ">
<subfield code="a">eng</subfield>
</datafield>   <datafield tag="540" ind1=" " ind2=" ">
<subfield code="a">Copyright (c) 2015 Acta Fisiátrica</subfield>
</datafield>
</record>
</metadata>
</record>