
<record>
<header>
<identifier>oai:revistas.usp.br:article/103894</identifier>
<datestamp>2019-10-15T11:55:40Z</datestamp>
<setSpec>actafisiatrica:Art.+Orig.</setSpec>
<setSpec>driver</setSpec>
</header>
<metadata>
<record xmlns="http://www.loc.gov/MARC21/slim" xmlns:xsi="http://www.w3.org/2001/XMLSchema-instance" xsi:schemaLocation="http://www.loc.gov/MARC21/slim http://www.loc.gov/standards/marcxml/schema/MARC21slim.xsd">
<leader>     nmb a2200000Iu 4500</leader>
<controlfield tag="008">"150309 2015                        eng  "</controlfield>
<datafield tag="022" ind1="#" ind2="#">
<subfield code="$a">2317-0190</subfield>
</datafield>
<datafield tag="022" ind1="#" ind2="#">
<subfield code="$a">0104-7795</subfield>
</datafield>
<datafield tag="042" ind1=" " ind2=" ">
<subfield code="a">dc</subfield>
</datafield>
<datafield tag="245" ind1="0" ind2="0">
<subfield code="a">Avaliação do índice de sobrecarga de cuidadores primários de crianças com paralisia cerebral e sua relação com a qualidade de vida e aspectos sócioeconômicos</subfield>
</datafield>  <datafield tag="720" ind1="1" ind2=" ">
<subfield code="a">Ferreira, Mariana Ceravolo</subfield>
<subfield code="u">Centro de Orientação, Reabilitação e Assistência ao Encefalopata</subfield></datafield>
<datafield tag="720" ind1="1" ind2=" ">
<subfield code="a">Di Naccio, Brunna Loureiro</subfield>
<subfield code="u">Associação Pestalozzi de Goiânia</subfield></datafield>
<datafield tag="720" ind1="1" ind2=" ">
<subfield code="a">Otsuka, Myssao Yumi Costa</subfield>
<subfield code="u">Centro de Orientação, Reabilitação e Assistência ao Encefalopata</subfield></datafield>
<datafield tag="720" ind1="1" ind2=" ">
<subfield code="a">Barbosa, Aurélio de Melo</subfield>
<subfield code="u">Universidade Estadual de Goiás</subfield></datafield>
<datafield tag="720" ind1="1" ind2=" ">
<subfield code="a">Corrêa, Paulo Fernando Lôbo</subfield>
<subfield code="u">Faculdade Alfredo Nasser</subfield></datafield>
<datafield tag="720" ind1="1" ind2=" ">
<subfield code="a">Gardenghi, Giulliano</subfield>
<subfield code="u">Hospital ENCORE</subfield></datafield>
<datafield tag="520" ind1=" " ind2=" ">
<subfield code="a"> Children with Cerebral Palsy (CP) present a permanent disturbance of posture and movement, characterized by a motor loss that causes difficulty in the execution of day-to-day activities and a consequent occupational dependence. Therefore, the task of assisting children with CP can lead to the caregivers’ tiredness, isolation, and stress, also generating a physical and emotional burden and a possible decrease in the quality of life of this population. Objective: To evaluate the burden on the primary caregivers of children with CP, comparing the quality of life and the age between caregivers with and without excessive burden, as well as to compare the economic class and work status variables to the burden variable. Method: The study was characterized as analytical and transversal. There were 31 primary caregivers of children from 0 to 18 years old with a CP diagnosis who participated in the study. The instruments utilized in the research were a socio-demographic questionnaire designed to characterize the sample, the questionnaire from the Associação Brasileira de Empresas de Pesquisa (ABEP) for economic classification, the Medical Outcome Study 36 (SF-36) for the assessment of the caregivers’ quality of life, and the Zarit Burden Interview (ZBI) to assess the caregiver’s subjective and objective burdens. Results: The results pointed out that 67.7% of the caregivers presented burden and that the averages of some domains of the SF-36 (“limitation by physical aspects”, “pain”, “vitality” and “limitation by social aspects”) for this group were significantly smaller than for the group with no burden. There was no statistically significant association in the chi-square test between the socioeconomic class of the caregivers and the burden and between the work status and the burden. Conclusion: The presence of burden on caregivers of children with CP is related to a lesser quality of life, but the burden was not associated with the caregiver’s age, work status, or economic class. </subfield>
</datafield>
<datafield tag="260" ind1=" " ind2=" ">
<subfield code="b">Faculdade de Medicina, Universidade de São Paulo</subfield>
</datafield>
<dataField tag="260" ind1=" " ind2=" ">
<subfield code="c">2015-03-09 00:00:00</subfield>
</dataField>   <datafield tag="856" ind1=" " ind2=" ">
<subfield code="q">application/pdf</subfield>
</datafield>
<datafield tag="856" ind1=" " ind2=" ">
<subfield code="q">application/pdf</subfield>
</datafield>
<datafield tag="856" ind1="4" ind2="0">
<subfield code="u">https://www.revistas.usp.br/actafisiatrica/article/view/103894</subfield>
</datafield>  <datafield tag="786" ind1="0" ind2=" ">
<subfield code="n">Acta Fisiátrica; v. 22 n. 1 (2015)</subfield>
</datafield>  <datafield tag="546" ind1=" " ind2=" ">
<subfield code="a">eng</subfield>
</datafield>   <datafield tag="540" ind1=" " ind2=" ">
<subfield code="a">Copyright (c) 2015 Acta Fisiátrica</subfield>
</datafield>
</record>
</metadata>
</record>