
<record>
<header>
<identifier>oai:revistas.usp.br:article/103895</identifier>
<datestamp>2019-10-15T12:05:55Z</datestamp>
<setSpec>actafisiatrica:Art.+Orig.</setSpec>
<setSpec>driver</setSpec>
</header>
<metadata>
<record xmlns="http://www.loc.gov/MARC21/slim" xmlns:xsi="http://www.w3.org/2001/XMLSchema-instance" xsi:schemaLocation="http://www.loc.gov/MARC21/slim http://www.loc.gov/standards/marcxml/schema/MARC21slim.xsd">
<leader>     nmb a2200000Iu 4500</leader>
<controlfield tag="008">"150309 2015                        eng  "</controlfield>
<datafield tag="022" ind1="#" ind2="#">
<subfield code="$a">2317-0190</subfield>
</datafield>
<datafield tag="022" ind1="#" ind2="#">
<subfield code="$a">0104-7795</subfield>
</datafield>
<datafield tag="042" ind1=" " ind2=" ">
<subfield code="a">dc</subfield>
</datafield>
<datafield tag="245" ind1="0" ind2="0">
<subfield code="a">Análise comparativa da flexibilidade de mulheres idosas ativas e não ativas</subfield>
</datafield>  <datafield tag="720" ind1="1" ind2=" ">
<subfield code="a">Zambon, Thiago Barbosa</subfield>
<subfield code="u">Universidade Metodista de Piracicaba</subfield></datafield>
<datafield tag="720" ind1="1" ind2=" ">
<subfield code="a">Gonelli, Pamela Roberta Gomes</subfield>
<subfield code="u">Universidade Metodista de Piracicaba</subfield></datafield>
<datafield tag="720" ind1="1" ind2=" ">
<subfield code="a">Gonçalves, Rodrigo Detone</subfield>
</datafield>
<datafield tag="720" ind1="1" ind2=" ">
<subfield code="a">Borges, Bruno Luis Amoroso</subfield>
<subfield code="u">Universidade Metodista de Piracicaba</subfield></datafield>
<datafield tag="720" ind1="1" ind2=" ">
<subfield code="a">Montebelo, Maria Imaculada de Lima</subfield>
<subfield code="u">Universidade Metodista de Piracicaba</subfield></datafield>
<datafield tag="720" ind1="1" ind2=" ">
<subfield code="a">Cesar, Marcelo de Castro</subfield>
<subfield code="u">Universidade Metodista de Piracicaba</subfield></datafield>
<datafield tag="520" ind1=" " ind2=" ">
<subfield code="a"> With aging there comes a decline in physical fitness, including decreasing flexibility, and the practice of physical activity by older adults is an important factor for maintaining health and physical fitness during the aging process. Objective: To compare the flexibility of elderly women who practice either hydrogymnastics or combination exercise training with those who are not active. Sixty females participated in the study, aged between 60 and 80 years and divided into three groups: 20 subjects who actively practiced hydrogymnastics (G1), 20 subjects who actively practiced combination exercise training (G2), and 20 subjects who were not-active (G3). Methods: The subjects underwent anthropometric measurements consisting of weight, height, waist circumference, and flexibility. Measurements were taken with distance reached in the sit and reach test and the extent of flexion and hip extension by means of a goniometer. The assumptions of normality using the Shapiro-Wilk test for comparison between groups (G1, G2, G3) were checked, the one way ANOVA test, followed by the Tukey post hoc for the data with parametric distribution, and the Friedman test for samples with non-parametric distribution were performed. A significance level of p &lt; 0.05 was assumed. Results: The anthropometric variables revealed no significant differences between groups. In the analysis of flexibility, significant differences were found in hip flexion and extension; the G1 and G2 groups showed greater values than the G3, and there were no significant differences between G1 and G2 nor between groups. Conclusion: The results suggest that hydrogymnastics and combination exercise training provided improvements in flexion and hip extension in elderly women, with no influence on the other variables studied. </subfield>
</datafield>
<datafield tag="260" ind1=" " ind2=" ">
<subfield code="b">Faculdade de Medicina, Universidade de São Paulo</subfield>
</datafield>
<dataField tag="260" ind1=" " ind2=" ">
<subfield code="c">2015-03-09 00:00:00</subfield>
</dataField>   <datafield tag="856" ind1=" " ind2=" ">
<subfield code="q">application/pdf</subfield>
</datafield>
<datafield tag="856" ind1=" " ind2=" ">
<subfield code="q">application/pdf</subfield>
</datafield>
<datafield tag="856" ind1="4" ind2="0">
<subfield code="u">https://www.revistas.usp.br/actafisiatrica/article/view/103895</subfield>
</datafield>  <datafield tag="786" ind1="0" ind2=" ">
<subfield code="n">Acta Fisiátrica; v. 22 n. 1 (2015)</subfield>
</datafield>  <datafield tag="546" ind1=" " ind2=" ">
<subfield code="a">eng</subfield>
</datafield>   <datafield tag="540" ind1=" " ind2=" ">
<subfield code="a">Copyright (c) 2015 Acta Fisiátrica</subfield>
</datafield>
</record>
</metadata>
</record>