
<record>
<header>
<identifier>oai:revistas.usp.br:article/103896</identifier>
<datestamp>2019-10-15T12:14:09Z</datestamp>
<setSpec>actafisiatrica:Art.+Orig.</setSpec>
<setSpec>driver</setSpec>
</header>
<metadata>
<record xmlns="http://www.loc.gov/MARC21/slim" xmlns:xsi="http://www.w3.org/2001/XMLSchema-instance" xsi:schemaLocation="http://www.loc.gov/MARC21/slim http://www.loc.gov/standards/marcxml/schema/MARC21slim.xsd">
<leader>     nmb a2200000Iu 4500</leader>
<controlfield tag="008">"150309 2015                        eng  "</controlfield>
<datafield tag="022" ind1="#" ind2="#">
<subfield code="$a">2317-0190</subfield>
</datafield>
<datafield tag="022" ind1="#" ind2="#">
<subfield code="$a">0104-7795</subfield>
</datafield>
<datafield tag="042" ind1=" " ind2=" ">
<subfield code="a">dc</subfield>
</datafield>
<datafield tag="245" ind1="0" ind2="0">
<subfield code="a">Lesão muscular induzida por eletroestimulação neuromuscular (EENM) com frequências de 30 Hz e 100 Hz</subfield>
</datafield>  <datafield tag="720" ind1="1" ind2=" ">
<subfield code="a">Souza, Marina Tessarolo</subfield>
<subfield code="u">Universidade de Santo Amaro</subfield></datafield>
<datafield tag="720" ind1="1" ind2=" ">
<subfield code="a">Medeiros, Wladimir Musetti</subfield>
<subfield code="u">Universidade Federal de São Paulo</subfield></datafield>
<datafield tag="520" ind1=" " ind2=" ">
<subfield code="a"> Neuromuscular electrical stimulation (NMES) is the action of therapeutic electrical stimulation on muscle tissue in order to contract the muscle and consequently improve the muscle status. Objective: To evaluate the muscle damage stemming from isometric muscle contraction induced by NMES of low frequency (30 Hz) and high frequency (100 Hz). Methods: Experimental crossover study, randomized, unblinded. The study included 10 male college students, age 24.4 ± 6.0 years, weight 77.1 ± 11.8 kg, height 176.1 ± 5.6 cm, and BMI of 24.8 ± 3 4 kg/m2. Two protocols (A) and (B) with an interval of 7 days between them. (A) - 20 minutes of NMES in the quadriceps at a frequency of 30 Hz (B) - 20 minutes of NMES at a frequency of 100 Hz. Measured lactate, creatine phosphokinase and lactate dehydrogenase before, immediately after, and 6 and 48 hours after the protocols. Results: Comparing 30 Hz vs. 100 Hz the following were observed: lactate (23.7 ± 6.7 vs. 13.4 ± 3.0 mg/dl, p = 0.001); CPK (195.4 ± 116.1 vs. 262.9 ± 153.6 IU, p = 0.022); LDH (374.3 ± 64 vs. 366.6 ± 84.1 IU, ns). The perception of contractile efficiency decreased significantly (p = 0.016) in the 100 Hz Protocol. Conclusion: Both the low-frequency NMES (30 Hz) and the high-frequency (100 Hz) elevate blood markers of muscle damage, most strikingly at the higher frequency. However, the achieved values reflect a normal response to a moderate-intensity exercise. </subfield>
</datafield>
<datafield tag="260" ind1=" " ind2=" ">
<subfield code="b">Faculdade de Medicina, Universidade de São Paulo</subfield>
</datafield>
<dataField tag="260" ind1=" " ind2=" ">
<subfield code="c">2015-03-09 00:00:00</subfield>
</dataField>   <datafield tag="856" ind1=" " ind2=" ">
<subfield code="q">application/pdf</subfield>
</datafield>
<datafield tag="856" ind1=" " ind2=" ">
<subfield code="q">application/pdf</subfield>
</datafield>
<datafield tag="856" ind1="4" ind2="0">
<subfield code="u">https://www.revistas.usp.br/actafisiatrica/article/view/103896</subfield>
</datafield>  <datafield tag="786" ind1="0" ind2=" ">
<subfield code="n">Acta Fisiátrica; v. 22 n. 1 (2015)</subfield>
</datafield>  <datafield tag="546" ind1=" " ind2=" ">
<subfield code="a">eng</subfield>
</datafield>   <datafield tag="540" ind1=" " ind2=" ">
<subfield code="a">Copyright (c) 2015 Acta Fisiátrica</subfield>
</datafield>
</record>
</metadata>
</record>