
<record>
<header>
<identifier>oai:revistas.usp.br:article/103897</identifier>
<datestamp>2019-10-15T12:54:28Z</datestamp>
<setSpec>actafisiatrica:Art.+Orig.</setSpec>
<setSpec>driver</setSpec>
</header>
<metadata>
<record xmlns="http://www.loc.gov/MARC21/slim" xmlns:xsi="http://www.w3.org/2001/XMLSchema-instance" xsi:schemaLocation="http://www.loc.gov/MARC21/slim http://www.loc.gov/standards/marcxml/schema/MARC21slim.xsd">
<leader>     nmb a2200000Iu 4500</leader>
<controlfield tag="008">"150309 2015                        eng  "</controlfield>
<datafield tag="022" ind1="#" ind2="#">
<subfield code="$a">2317-0190</subfield>
</datafield>
<datafield tag="022" ind1="#" ind2="#">
<subfield code="$a">0104-7795</subfield>
</datafield>
<datafield tag="042" ind1=" " ind2=" ">
<subfield code="a">dc</subfield>
</datafield>
<datafield tag="245" ind1="0" ind2="0">
<subfield code="a">Disfagia orofaríngea na doença de Chagas crônica: avaliação fonoaudiológica, videofluoroscópica e esofagomanométrica</subfield>
</datafield>  <datafield tag="720" ind1="1" ind2=" ">
<subfield code="a">Cabral, Danielly Moreira Gonçalves</subfield>
<subfield code="u">Hospital Universitário Clementino Fraga Filho</subfield></datafield>
<datafield tag="720" ind1="1" ind2=" ">
<subfield code="a">Abrahão Júnior, João Luiz</subfield>
<subfield code="u">Universidade Federal do Rio de Janeiro</subfield></datafield>
<datafield tag="720" ind1="1" ind2=" ">
<subfield code="a">Marques, Charles Henrique Dias</subfield>
<subfield code="u">Universidade Federal do Rio de Janeiro</subfield></datafield>
<datafield tag="720" ind1="1" ind2=" ">
<subfield code="a">Pereira, Basílio de Bragança</subfield>
<subfield code="u">Universidade Federal do Rio de Janeiro</subfield></datafield>
<datafield tag="720" ind1="1" ind2=" ">
<subfield code="a">Pedrosa, Roberto Coury</subfield>
<subfield code="u">Universidade Federal do Rio de Janeiro</subfield></datafield>
<datafield tag="520" ind1=" " ind2=" ">
<subfield code="a"> Objective: To determine the frequency of episodes of laryngeal penetration and aspiration in chronic Chagas patients and to evaluate the interpreted relationship not only with the patterns displayed in videofluoroscopy and manometry, but also with clinical screening and structural and functional phonoaudiological evaluation. Method: Clinical and phonoaudiological (structural and functional) evaluation, fluoroscopy, and computed manometry were performed on all patients. Results: Twenty-two patients were included in the study, fifteen females and seven males. Age ranged between 37 and 70 years, mean 55.9 ± 10.2 years. Among the complaints in clinical screening, 18.2% were choking, 13.6% reported throat-clearing, 40.9% heartburn, 22.7% regurgitation, and 36.4% had the sensation of food stuck in the throat. Only 18.2% of patients had adequate dentition. Functional assessment of swallowing detected only 31.8% capable of functional swallowing. In videofluoroscopy, lingering residues were found in the pharynx in 18.2% of cases, followed by multiple swallows 95.4% and 100% posterior escape. There were 4 cases of grade 2 laryngeal penetration (dysphagia) and, in 82% of cases, the findings were similar for the non-occurrence of laryngeal penetration in the videofluoroscopy and in the functional assessment of swallowing. The apertures of the upper esophageal sphincter indicated a relationship with the volume of swallowed bolus. In the manometry, 42.1% of changes were found in the body of the esophagus and 5.3% in the pharynx. Conclusion: Laryngeal penetration was prevalent in 18.2% of cases with an important interpretation of the functional relationship between clinical assessment and videofluoroscopic findings regarding the absence of laryngeal penetration, with similar results in 82% of cases. </subfield>
</datafield>
<datafield tag="260" ind1=" " ind2=" ">
<subfield code="b">Faculdade de Medicina, Universidade de São Paulo</subfield>
</datafield>
<dataField tag="260" ind1=" " ind2=" ">
<subfield code="c">2015-03-09 00:00:00</subfield>
</dataField>   <datafield tag="856" ind1=" " ind2=" ">
<subfield code="q">application/pdf</subfield>
</datafield>
<datafield tag="856" ind1=" " ind2=" ">
<subfield code="q">application/pdf</subfield>
</datafield>
<datafield tag="856" ind1="4" ind2="0">
<subfield code="u">https://www.revistas.usp.br/actafisiatrica/article/view/103897</subfield>
</datafield>  <datafield tag="786" ind1="0" ind2=" ">
<subfield code="n">Acta Fisiátrica; v. 22 n. 1 (2015)</subfield>
</datafield>  <datafield tag="546" ind1=" " ind2=" ">
<subfield code="a">eng</subfield>
</datafield>   <datafield tag="540" ind1=" " ind2=" ">
<subfield code="a">Copyright (c) 2015 Acta Fisiátrica</subfield>
</datafield>
</record>
</metadata>
</record>