
<record>
<header>
<identifier>oai:revistas.usp.br:article/103899</identifier>
<datestamp>2019-10-15T13:05:41Z</datestamp>
<setSpec>actafisiatrica:Art.+Rev.</setSpec>
<setSpec>driver</setSpec>
</header>
<metadata>
<record xmlns="http://www.loc.gov/MARC21/slim" xmlns:xsi="http://www.w3.org/2001/XMLSchema-instance" xsi:schemaLocation="http://www.loc.gov/MARC21/slim http://www.loc.gov/standards/marcxml/schema/MARC21slim.xsd">
<leader>     nmb a2200000Iu 4500</leader>
<controlfield tag="008">"150309 2015                        eng  "</controlfield>
<datafield tag="022" ind1="#" ind2="#">
<subfield code="$a">2317-0190</subfield>
</datafield>
<datafield tag="022" ind1="#" ind2="#">
<subfield code="$a">0104-7795</subfield>
</datafield>
<datafield tag="042" ind1=" " ind2=" ">
<subfield code="a">dc</subfield>
</datafield>
<datafield tag="245" ind1="0" ind2="0">
<subfield code="a">Efeitos do treino de marcha com assistência robótica em pacientes pós - acidente vascular encefálico</subfield>
</datafield>  <datafield tag="720" ind1="1" ind2=" ">
<subfield code="a">Ronchi, Juliana Morales</subfield>
<subfield code="u">Universidade de São Paulo. Faculdade de Medicina</subfield></datafield>
<datafield tag="720" ind1="1" ind2=" ">
<subfield code="a">Castro, Pedro Cláudio Gonsales de</subfield>
<subfield code="u">Universidade de São Paulo. Faculdade de Medicina</subfield></datafield>
<datafield tag="720" ind1="1" ind2=" ">
<subfield code="a">Moreira, Maria Cecília dos Santos</subfield>
<subfield code="u">Universidade de São Paulo. Faculdade de Medicina</subfield></datafield>
<datafield tag="520" ind1=" " ind2=" ">
<subfield code="a"> Stroke patients present significant gait deficits due to the complexity of their disabilities. Robot-assisted gait training (RGT), in addition to reducing the therapist’s physical overload, ensures a simpler and safer environment for gait training, in which symmetrical and constant movement patterns of the lower limbs can be developed at higher speeds, and allows for a longer therapy session. Despite an increasing use of this equipment in rehabilitation, there is a lack of knowledge about the effects that can be promoted in paretic gait, as well as the training protocols applied to achieve them. Objective: Thus, this study aimed to assess the current evidence for efficacy of RGT in post-stroke individuals, with emphasis on gait performance. Method: For this, a survey of studies published in the last 10 years (2003-2013) with the terms “stroke” and “gait” and “robotics” was conducted in the PubMed, MedLine and LILACS databases. Results: Five studies were selected that met the inclusion criteria, including using the Lokomat robotic device (Hocoma, Volketswil) for gait training in post-stroke patients. The results obtained for each study considered the gains in linear gait parameters (speed and distance traveled) promoted by robotic therapy compared to conventional therapy. Conclusion: The data suggest that the use of robotic therapy in gait rehabilitation of post-stroke patients does not produce any more gains than those obtained with conventional therapy. </subfield>
</datafield>
<datafield tag="260" ind1=" " ind2=" ">
<subfield code="b">Faculdade de Medicina, Universidade de São Paulo</subfield>
</datafield>
<dataField tag="260" ind1=" " ind2=" ">
<subfield code="c">2015-03-09 00:00:00</subfield>
</dataField>   <datafield tag="856" ind1=" " ind2=" ">
<subfield code="q">application/pdf</subfield>
</datafield>
<datafield tag="856" ind1=" " ind2=" ">
<subfield code="q">application/pdf</subfield>
</datafield>
<datafield tag="856" ind1="4" ind2="0">
<subfield code="u">https://www.revistas.usp.br/actafisiatrica/article/view/103899</subfield>
</datafield>  <datafield tag="786" ind1="0" ind2=" ">
<subfield code="n">Acta Fisiátrica; v. 22 n. 1 (2015)</subfield>
</datafield>  <datafield tag="546" ind1=" " ind2=" ">
<subfield code="a">eng</subfield>
</datafield>   <datafield tag="540" ind1=" " ind2=" ">
<subfield code="a">Copyright (c) 2015 Acta Fisiátrica</subfield>
</datafield>
</record>
</metadata>
</record>