
<record>
<header>
<identifier>oai:revistas.usp.br:article/103900</identifier>
<datestamp>2019-10-15T13:09:44Z</datestamp>
<setSpec>actafisiatrica:Rel.+Caso</setSpec>
<setSpec>driver</setSpec>
</header>
<metadata>
<record xmlns="http://www.loc.gov/MARC21/slim" xmlns:xsi="http://www.w3.org/2001/XMLSchema-instance" xsi:schemaLocation="http://www.loc.gov/MARC21/slim http://www.loc.gov/standards/marcxml/schema/MARC21slim.xsd">
<leader>     nmb a2200000Iu 4500</leader>
<controlfield tag="008">"150309 2015                        eng  "</controlfield>
<datafield tag="022" ind1="#" ind2="#">
<subfield code="$a">2317-0190</subfield>
</datafield>
<datafield tag="022" ind1="#" ind2="#">
<subfield code="$a">0104-7795</subfield>
</datafield>
<datafield tag="042" ind1=" " ind2=" ">
<subfield code="a">dc</subfield>
</datafield>
<datafield tag="245" ind1="0" ind2="0">
<subfield code="a">Efeito da fotobiomodulação no músculo masseter de criança com paralisia cerebral: relato de caso</subfield>
</datafield>  <datafield tag="720" ind1="1" ind2=" ">
<subfield code="a">Santos, Maria Teresa Botti Rodrigues</subfield>
<subfield code="u">Associação de Assistência à Criança Deficiente</subfield></datafield>
<datafield tag="720" ind1="1" ind2=" ">
<subfield code="a">Pinto, Marcio da Silva</subfield>
<subfield code="u">Associação de Assistência à Criança Deficiente</subfield></datafield>
<datafield tag="720" ind1="1" ind2=" ">
<subfield code="a">Nascimento, Karla Santos do</subfield>
<subfield code="u">Associação de Assistência à Criança Deficiente</subfield></datafield>
<datafield tag="720" ind1="1" ind2=" ">
<subfield code="a">Maciel, Simone Carazzato</subfield>
<subfield code="u">Associação de Assistência à Criança Deficiente</subfield></datafield>
<datafield tag="520" ind1=" " ind2=" ">
<subfield code="a"> Spasticity causes stiffness in the masticatory muscles of individuals with cerebral palsy (CP), affecting the amplitude of mouth opening, making oral hygiene conditions difficult and predisposing these individuals to the risk of developing oral diseases. Objective: To evaluate the effect of a low-intensity photobiomodulation diode laser on the thick part of the masseter muscle in a child with spastic type CP. Method: The caregiver reported that the child had great difficulty in performing the oral hygiene, making avoidance movements of the head when the toothbrush touched the mucosa of the upper molar region in the mouth. The mother described the child’s discomfort as extreme. The first ultrasound evaluation was performed at the first appointment, and the second evaluation after 6 sessions of photobiostimulation. The low-intensity Infrared Laser Diode, Ga-As-Al, was employed (λ = 808 ± 3 nm, 120 mW; Twin Flex Evolution Laser MMOptics São Paulo, Brazil), using 5.0 J/cm2 dose energy/location, with 20 seconds exposure/site. The area of the masseter muscle was bilaterally irradiated towards the midpoint of its length and width. Six sessions were performed, with an interval of 7 days between them. Results: At the end of the sixth session of photobiostimulation, the mother reported that the child slept better, had reduction in involuntary movements performed by the jaw, and oral hygiene was possible now with no painful expression of the child. During palpation there was less stiffness in the bilateral masseter and an increased masseter thickness and increase in the amplitude of the mouth opening of 7 mm. Conclusion: The diode laser photobiostimulation appears to be effective in reducing spasticity in the masseter muscle of children with spastic type CP. </subfield>
</datafield>
<datafield tag="260" ind1=" " ind2=" ">
<subfield code="b">Faculdade de Medicina, Universidade de São Paulo</subfield>
</datafield>
<dataField tag="260" ind1=" " ind2=" ">
<subfield code="c">2015-03-09 00:00:00</subfield>
</dataField>   <datafield tag="856" ind1=" " ind2=" ">
<subfield code="q">application/pdf</subfield>
</datafield>
<datafield tag="856" ind1=" " ind2=" ">
<subfield code="q">application/pdf</subfield>
</datafield>
<datafield tag="856" ind1="4" ind2="0">
<subfield code="u">https://www.revistas.usp.br/actafisiatrica/article/view/103900</subfield>
</datafield>  <datafield tag="786" ind1="0" ind2=" ">
<subfield code="n">Acta Fisiátrica; v. 22 n. 1 (2015)</subfield>
</datafield>  <datafield tag="546" ind1=" " ind2=" ">
<subfield code="a">eng</subfield>
</datafield>   <datafield tag="540" ind1=" " ind2=" ">
<subfield code="a">Copyright (c) 2015 Acta Fisiátrica</subfield>
</datafield>
</record>
</metadata>
</record>