
<record>
<header>
<identifier>oai:revistas.usp.br:article/103901</identifier>
<datestamp>2019-10-15T13:19:33Z</datestamp>
<setSpec>actafisiatrica:Tend.+Refle.</setSpec>
<setSpec>driver</setSpec>
</header>
<metadata>
<record xmlns="http://www.loc.gov/MARC21/slim" xmlns:xsi="http://www.w3.org/2001/XMLSchema-instance" xsi:schemaLocation="http://www.loc.gov/MARC21/slim http://www.loc.gov/standards/marcxml/schema/MARC21slim.xsd">
<leader>     nmb a2200000Iu 4500</leader>
<controlfield tag="008">"150309 2015                        eng  "</controlfield>
<datafield tag="022" ind1="#" ind2="#">
<subfield code="$a">2317-0190</subfield>
</datafield>
<datafield tag="022" ind1="#" ind2="#">
<subfield code="$a">0104-7795</subfield>
</datafield>
<datafield tag="042" ind1=" " ind2=" ">
<subfield code="a">dc</subfield>
</datafield>
<datafield tag="245" ind1="0" ind2="0">
<subfield code="a">A clínica da dor crônica como ninho de pacientes difíceis: o papel da identificação projetiva</subfield>
</datafield>  <datafield tag="100" ind1="1" ind2=" ">
<subfield code="a">Solano, João Paulo Consentino</subfield>
<subfield code="u">Centro Universitário São Camilo</subfield></datafield>
<datafield tag="520" ind1=" " ind2=" ">
<subfield code="a"> Difficult patients - or those with difficult personalities - are frequently encountered in the treatment of chronic non-oncologic pain, overburdening the doctor-patient relationship far beyond the complexities of their illness and treatment. The present review/experiential report discusses the role that projective identification, as a psychological process of communication, puts the doctor-patient relationship in within the multi-professional chronic pain team. The concepts of projective identification are reviewed both in their benign and their malignant forms. Two clinical vignettes exemplify each of them. Some situations in the setting of doctor-patient communication are presented in which projective identification appears and complicates the therapeutic relationship. Some recommendations are offered regarding the handling of patients that communicate mainly by means of projective identification, and some ideas are offered to the multi-professional team. In our chronic pain clinic, difficult patients as a whole seem to prefer to communicate by means of a malignant form of projective identification and present with immature types of personality organizations. Within the chronic pain teams, doctor-patient relationships (as well as relations among the professionals) can be enriched if projective identification is detected early and appropriately handled. Long-term psychotherapy is the treatment that should be chosen for such patients. </subfield>
</datafield>
<datafield tag="260" ind1=" " ind2=" ">
<subfield code="b">Faculdade de Medicina, Universidade de São Paulo</subfield>
</datafield>
<dataField tag="260" ind1=" " ind2=" ">
<subfield code="c">2015-03-09 00:00:00</subfield>
</dataField>   <datafield tag="856" ind1=" " ind2=" ">
<subfield code="q">application/pdf</subfield>
</datafield>
<datafield tag="856" ind1=" " ind2=" ">
<subfield code="q">application/pdf</subfield>
</datafield>
<datafield tag="856" ind1="4" ind2="0">
<subfield code="u">https://www.revistas.usp.br/actafisiatrica/article/view/103901</subfield>
</datafield>  <datafield tag="786" ind1="0" ind2=" ">
<subfield code="n">Acta Fisiátrica; v. 22 n. 1 (2015)</subfield>
</datafield>  <datafield tag="546" ind1=" " ind2=" ">
<subfield code="a">eng</subfield>
</datafield>   <datafield tag="540" ind1=" " ind2=" ">
<subfield code="a">Copyright (c) 2015 Acta Fisiátrica</subfield>
</datafield>
</record>
</metadata>
</record>