
<record>
<header>
<identifier>oai:revistas.usp.br:article/114476</identifier>
<datestamp>2019-09-27T13:09:47Z</datestamp>
<setSpec>actafisiatrica:Art.+Orig.</setSpec>
<setSpec>driver</setSpec>
</header>
<metadata>
<record xmlns="http://www.loc.gov/MARC21/slim" xmlns:xsi="http://www.w3.org/2001/XMLSchema-instance" xsi:schemaLocation="http://www.loc.gov/MARC21/slim http://www.loc.gov/standards/marcxml/schema/MARC21slim.xsd">
<leader>     nmb a2200000Iu 4500</leader>
<controlfield tag="008">"120309 2012                        eng  "</controlfield>
<datafield tag="022" ind1="#" ind2="#">
<subfield code="$a">2317-0190</subfield>
</datafield>
<datafield tag="022" ind1="#" ind2="#">
<subfield code="$a">0104-7795</subfield>
</datafield>
<datafield tag="042" ind1=" " ind2=" ">
<subfield code="a">dc</subfield>
</datafield>
<datafield tag="245" ind1="0" ind2="0">
<subfield code="a">Avaliação dos grupos musculares adutores e abdutores do quadril por meio da dinamometria isocinética</subfield>
</datafield>  <datafield tag="720" ind1="1" ind2=" ">
<subfield code="a">Lourencin, Fábio Teodoro Coelho</subfield>
<subfield code="u">Faculdades Integradas de Bebedouro</subfield></datafield>
<datafield tag="720" ind1="1" ind2=" ">
<subfield code="a">Macedo, Osmair Gomes de</subfield>
<subfield code="u">Universidade de Brasília - UnB</subfield></datafield>
<datafield tag="720" ind1="1" ind2=" ">
<subfield code="a">Scarpellini, Ennio da Silveira</subfield>
</datafield>
<datafield tag="720" ind1="1" ind2=" ">
<subfield code="a">Greve, Júlia Maria D’Andrea</subfield>
<subfield code="u">Universidade de São Paulo. Faculdade de Medicina. Instituto de Ortopedia e Traumatologia do Hospital das Clínicas</subfield></datafield>
<datafield tag="520" ind1=" " ind2=" ">
<subfield code="a"> Objective: To evaluate the activity of the adductor and abductor muscle groups of the hip in young adults by using an isokinetic dynamometer. Method: 20 male volunteers were selected, with ages varying between 21 and 30 years for evaluation on a Cybex 6000 isokinetic dynamometer, at angular speeds of 60°/s and 120°/s. Results: In relation to the dominance, it did not show any statistically significant differences at the two studied speeds. At these two speeds the maximum torque, the total work, and the average power presented statistically significant differences in all the comparisons. Comparing the muscle groups revealed statistically significant differences for the total work, with higher average values in the abductor muscle group studied at both speeds and the average power found higher mean values at 120°/s in the same muscle group. Conclusion: There was no statistically significant difference in relation to dominance. When comparing speeds, all variables showed a statistically significant difference in the prevalence of maximum torque and total work at 60°/s and average power at 120°/s. The statistical comparison between muscle groups showed significant differences for the total work at both speeds and the average power at a rate of 120°/s </subfield>
</datafield>
<datafield tag="260" ind1=" " ind2=" ">
<subfield code="b">Faculdade de Medicina, Universidade de São Paulo</subfield>
</datafield>
<dataField tag="260" ind1=" " ind2=" ">
<subfield code="c">2012-03-09 00:00:00</subfield>
</dataField>   <datafield tag="856" ind1=" " ind2=" ">
<subfield code="q">application/pdf</subfield>
</datafield>
<datafield tag="856" ind1=" " ind2=" ">
<subfield code="q">application/pdf</subfield>
</datafield>
<datafield tag="856" ind1="4" ind2="0">
<subfield code="u">https://www.revistas.usp.br/actafisiatrica/article/view/114476</subfield>
</datafield>  <datafield tag="786" ind1="0" ind2=" ">
<subfield code="n">Acta Fisiátrica; v. 19 n. 1 (2012)</subfield>
</datafield>  <datafield tag="546" ind1=" " ind2=" ">
<subfield code="a">eng</subfield>
</datafield>   <datafield tag="540" ind1=" " ind2=" ">
<subfield code="a">Copyright (c) 2012 Acta Fisiátrica</subfield>
</datafield>
</record>
</metadata>
</record>