
<record>
<header>
<identifier>oai:revistas.usp.br:article/114497</identifier>
<datestamp>2019-10-14T16:54:00Z</datestamp>
<setSpec>actafisiatrica:Art.+Orig.</setSpec>
<setSpec>driver</setSpec>
</header>
<metadata>
<record xmlns="http://www.loc.gov/MARC21/slim" xmlns:xsi="http://www.w3.org/2001/XMLSchema-instance" xsi:schemaLocation="http://www.loc.gov/MARC21/slim http://www.loc.gov/standards/marcxml/schema/MARC21slim.xsd">
<leader>     nmb a2200000Iu 4500</leader>
<controlfield tag="008">"150609 2015                        eng  "</controlfield>
<datafield tag="022" ind1="#" ind2="#">
<subfield code="$a">2317-0190</subfield>
</datafield>
<datafield tag="022" ind1="#" ind2="#">
<subfield code="$a">0104-7795</subfield>
</datafield>
<datafield tag="042" ind1=" " ind2=" ">
<subfield code="a">dc</subfield>
</datafield>
<datafield tag="245" ind1="0" ind2="0">
<subfield code="a">Comparação da função motora em solo e imersão de pacientes com distrofia muscular de Duchenne em acompanhamento fisioterapêutico: follow-up de 2 anos</subfield>
</datafield>  <datafield tag="720" ind1="1" ind2=" ">
<subfield code="a">Ferreira, Adriana Valéria Silva</subfield>
</datafield>
<datafield tag="720" ind1="1" ind2=" ">
<subfield code="a">Goya, Priscila Santos Albuquerque</subfield>
<subfield code="u">Universidade de São Paulo. Faculdade de Medicina</subfield></datafield>
<datafield tag="720" ind1="1" ind2=" ">
<subfield code="a">Ferrari, Renata</subfield>
</datafield>
<datafield tag="720" ind1="1" ind2=" ">
<subfield code="a">Durán, Martina</subfield>
</datafield>
<datafield tag="720" ind1="1" ind2=" ">
<subfield code="a">Franzini, Roberta Vieira</subfield>
</datafield>
<datafield tag="720" ind1="1" ind2=" ">
<subfield code="a">Caromano, Fátima Aparecida</subfield>
<subfield code="u">Universidade de São Paulo. Faculdade deMedicina. Laboratório de Fisioterapia e Comportamento</subfield></datafield>
<datafield tag="720" ind1="1" ind2=" ">
<subfield code="a">Favero, Francis Meire</subfield>
<subfield code="u">Universidade de São Paulo. Faculdade de Medicina. Laboratório de Fisioterapiae Comportamento</subfield></datafield>
<datafield tag="720" ind1="1" ind2=" ">
<subfield code="a">Oliveira, Acary Souza Bulle</subfield>
<subfield code="u">Universidade Federal de São Paulo.  Setor de Investigação em Doenças Neuromusculares</subfield></datafield>
<datafield tag="520" ind1=" " ind2=" ">
<subfield code="a"> The treatment for patients with Duchenne Muscular Dystrophy (DMD) is multidisciplinary. It is necessary to understand the effects of activities performed on dry ground as well as waterimmersed to allow the development of intervention protocols. Objective: To compare the motor function of children with DMD in physiotherapy carried out on the ground and immersed over a 2-year period. Method: A retrospective study, assisted by the Brazilian Association of Muscular Dystrophy (ABDIM), of 23 patients diagnosed with DMD, 8-24 years of age. We collected assessment data both water-immersed (adaptation to the water, bipedalism, sitting position, cross and longitudinal rotation, swimming, and running) and on the ground (Egan Klassifikation Scale and Vignos Scale) over a 2-year period. Results: Analyzing the ratings between semesters during the 2-year period, there were differences in the performance of water-immersed activities (p &lt; 0.001) and there was no difference on the Egan Klassifikation Scale (p &lt; 0.003) or the Vignos Scale (p &lt; 0.012). Conclusion: Due to the physical properties of the water, patients either improved or maintained their scores for motor function in water immersion. However, their scores for the Egan Klassifikation and the Vignos scales, which represent motor function on the ground, diminished </subfield>
</datafield>
<datafield tag="260" ind1=" " ind2=" ">
<subfield code="b">Faculdade de Medicina, Universidade de São Paulo</subfield>
</datafield>
<dataField tag="260" ind1=" " ind2=" ">
<subfield code="c">2015-06-09 00:00:00</subfield>
</dataField>   <datafield tag="856" ind1=" " ind2=" ">
<subfield code="q">application/pdf</subfield>
</datafield>
<datafield tag="856" ind1=" " ind2=" ">
<subfield code="q">application/pdf</subfield>
</datafield>
<datafield tag="856" ind1="4" ind2="0">
<subfield code="u">https://www.revistas.usp.br/actafisiatrica/article/view/114497</subfield>
</datafield>  <datafield tag="786" ind1="0" ind2=" ">
<subfield code="n">Acta Fisiátrica; v. 22 n. 2 (2015)</subfield>
</datafield>  <datafield tag="546" ind1=" " ind2=" ">
<subfield code="a">eng</subfield>
</datafield>   <datafield tag="540" ind1=" " ind2=" ">
<subfield code="a">Copyright (c) 2015 Acta Fisiátrica</subfield>
</datafield>
</record>
</metadata>
</record>