
<record>
<header>
<identifier>oai:revistas.usp.br:article/114498</identifier>
<datestamp>2019-10-14T17:04:27Z</datestamp>
<setSpec>actafisiatrica:Art.+Orig.</setSpec>
<setSpec>driver</setSpec>
</header>
<metadata>
<record xmlns="http://www.loc.gov/MARC21/slim" xmlns:xsi="http://www.w3.org/2001/XMLSchema-instance" xsi:schemaLocation="http://www.loc.gov/MARC21/slim http://www.loc.gov/standards/marcxml/schema/MARC21slim.xsd">
<leader>     nmb a2200000Iu 4500</leader>
<controlfield tag="008">"150609 2015                        eng  "</controlfield>
<datafield tag="022" ind1="#" ind2="#">
<subfield code="$a">2317-0190</subfield>
</datafield>
<datafield tag="022" ind1="#" ind2="#">
<subfield code="$a">0104-7795</subfield>
</datafield>
<datafield tag="042" ind1=" " ind2=" ">
<subfield code="a">dc</subfield>
</datafield>
<datafield tag="245" ind1="0" ind2="0">
<subfield code="a">Traumatismo crânio encefálico e suas implicações cognitivas e na qualidade de vida</subfield>
</datafield>  <datafield tag="720" ind1="1" ind2=" ">
<subfield code="a">Arruda, Bruna Petrucelli</subfield>
<subfield code="u">Associação de Assistência à Criança Deficiente</subfield></datafield>
<datafield tag="720" ind1="1" ind2=" ">
<subfield code="a">Akamatsu, Patricia Yumi Funagoshi</subfield>
<subfield code="u">Associação de Assistência à Criança Deficiente</subfield></datafield>
<datafield tag="720" ind1="1" ind2=" ">
<subfield code="a">Xavier, Andreza Pereira</subfield>
<subfield code="u">Associação de Assistência à Criança Deficiente</subfield></datafield>
<datafield tag="720" ind1="1" ind2=" ">
<subfield code="a">Costa, Regina Celia Villa</subfield>
<subfield code="u">Associação de Assistência à Criança Deficiente</subfield></datafield>
<datafield tag="720" ind1="1" ind2=" ">
<subfield code="a">Oliveira-Alonso, Gláucia Somensi de</subfield>
<subfield code="u">Associação de Assistência à Criança Deficiente</subfield></datafield>
<datafield tag="720" ind1="1" ind2=" ">
<subfield code="a">Madaleno, Iracema Maceira Pires</subfield>
<subfield code="u">Associação de Assistência à Criança Deficiente</subfield></datafield>
<datafield tag="520" ind1=" " ind2=" ">
<subfield code="a"> Traumatic brain injury is one of the main causes of mortality in children or young adults. Patients with moderate or severe TBI can present motor, cognitive, emotional, behavioral, and social functionality sequelae, causing an adverse impact on the individual, his family, and on society. Objective: To investigate the impact that severe traumatic brain injury caused to the life of patients who suffered the injury during childhood and youth, considering cognitive, emotional, and quality of life questions, as well as, to verify whether there are differences with respect to age at the time of injury. Method: A quantitative, qualitative, cross-sectional study carried out at the Ibirapuera unit of the Rehabilitation Center of the Association for Assistance to Disabled Children (AACD). Thirteen patients with severe traumatic brain injury from São Paulo state, participated in the study between January of 2010 and March of 2014. The instruments utilized were: a sociodemographic questionnaire, the Short Form Health Survey (SF-36), the Raven’s Progressive Matrices, and the Pfister Colored Pyramid Test. The data collected were evaluated in the overall sample and then divided into two groups based on their age at the time of injury, with group 1 (3 to 7 years and eleven months old) and group 2 (8 to 16 years and eleven months old). Results: On the Raven’s test, 76.9% of the participants showed signs of mental impairment. All participants had a good quality of life assessment. In the emotional aspects, there was good adaptability and interaction. Upon comparison, there was no difference between groups. Conclusion: The results were consistent with studies that indicate cognitive impairment and good perception of quality of life </subfield>
</datafield>
<datafield tag="260" ind1=" " ind2=" ">
<subfield code="b">Faculdade de Medicina, Universidade de São Paulo</subfield>
</datafield>
<dataField tag="260" ind1=" " ind2=" ">
<subfield code="c">2015-06-09 00:00:00</subfield>
</dataField>   <datafield tag="856" ind1=" " ind2=" ">
<subfield code="q">application/pdf</subfield>
</datafield>
<datafield tag="856" ind1=" " ind2=" ">
<subfield code="q">application/pdf</subfield>
</datafield>
<datafield tag="856" ind1="4" ind2="0">
<subfield code="u">https://www.revistas.usp.br/actafisiatrica/article/view/114498</subfield>
</datafield>  <datafield tag="786" ind1="0" ind2=" ">
<subfield code="n">Acta Fisiátrica; v. 22 n. 2 (2015)</subfield>
</datafield>  <datafield tag="546" ind1=" " ind2=" ">
<subfield code="a">eng</subfield>
</datafield>   <datafield tag="540" ind1=" " ind2=" ">
<subfield code="a">Copyright (c) 2015 Acta Fisiátrica</subfield>
</datafield>
</record>
</metadata>
</record>