
<record>
<header>
<identifier>oai:revistas.usp.br:article/114500</identifier>
<datestamp>2019-10-14T17:12:55Z</datestamp>
<setSpec>actafisiatrica:Art.+Orig.</setSpec>
<setSpec>driver</setSpec>
</header>
<metadata>
<record xmlns="http://www.loc.gov/MARC21/slim" xmlns:xsi="http://www.w3.org/2001/XMLSchema-instance" xsi:schemaLocation="http://www.loc.gov/MARC21/slim http://www.loc.gov/standards/marcxml/schema/MARC21slim.xsd">
<leader>     nmb a2200000Iu 4500</leader>
<controlfield tag="008">"150609 2015                        eng  "</controlfield>
<datafield tag="022" ind1="#" ind2="#">
<subfield code="$a">2317-0190</subfield>
</datafield>
<datafield tag="022" ind1="#" ind2="#">
<subfield code="$a">0104-7795</subfield>
</datafield>
<datafield tag="042" ind1=" " ind2=" ">
<subfield code="a">dc</subfield>
</datafield>
<datafield tag="245" ind1="0" ind2="0">
<subfield code="a">Avaliação da força de preensão e amplitude de movimentos dos membros superiores em pacientes com mucopolissacaridose VI</subfield>
</datafield>  <datafield tag="720" ind1="1" ind2=" ">
<subfield code="a">Medeiros, Jéssica Nayara Silva de</subfield>
</datafield>
<datafield tag="720" ind1="1" ind2=" ">
<subfield code="a">Silva, Bárbara Bernardo Rinaldo da</subfield>
<subfield code="u">Associação Pernambucana de Mucopolissacaridose</subfield></datafield>
<datafield tag="720" ind1="1" ind2=" ">
<subfield code="a">Queiroz, Daniel da Rocha</subfield>
<subfield code="u">Faculdade IBGM</subfield></datafield>
<datafield tag="720" ind1="1" ind2=" ">
<subfield code="a">Cattuzzo, Maria Teresa</subfield>
<subfield code="u">Universidade de Pernambuco</subfield></datafield>
<datafield tag="720" ind1="1" ind2=" ">
<subfield code="a">Soares, Karen Maciel Sobreira</subfield>
<subfield code="u">Faculdade Estácio do Recife</subfield></datafield>
<datafield tag="520" ind1=" " ind2=" ">
<subfield code="a"> Objective: The present study aims to evaluate the grip strength and range of motion of the upper limbs of patients with Mucopolysaccharidosis VI in order to observe how these factors can affect and correlate with the activities of daily living. Methods: The sample consisted of 13 patients: 8 males and 5 females, with a mean age of 17.76 years, mean weight of 31.30Kg, and a mean height of 1.17m, who agreed to participate and who met the inclusion criteria. The study was conducted in the state of Pernambuco at the Inborn Errors of Metabolism Treatment Center (Centro de Tratamento de Erros Inatos do Metabolismo), located at the Integrative Medicine Institute (Instituto de Medicina Integral) Prof. Fernando Figueira (IMIP). Range of motion (ROM) measurements of their upper limbs and manual grip strength were collected, and the subjects answered a structured questionnaire. Results: In this study the flexion of the shoulder joint that had the greater impairment mostly did not follow this pattern, since the average ROM for the left arm was 90.38 and 93.38 for the right. The ROM found to be the farthest below the predicted average in the study was for wrist extension in both the left and right limbs. In grip strength assessment, only one individual measured above the predicted average, 9 (69.21%) showed a degree of strength between 0 and 2 pounds (lb) in the right hand and 8 (61.52%) in the left. Conclusion: This study hopes to serve as a means of monitoring the evolution of MPS VI , which can support new studies, evaluation protocols, and motor rehabilitation. </subfield>
</datafield>
<datafield tag="260" ind1=" " ind2=" ">
<subfield code="b">Faculdade de Medicina, Universidade de São Paulo</subfield>
</datafield>
<dataField tag="260" ind1=" " ind2=" ">
<subfield code="c">2015-06-09 00:00:00</subfield>
</dataField>   <datafield tag="856" ind1=" " ind2=" ">
<subfield code="q">application/pdf</subfield>
</datafield>
<datafield tag="856" ind1=" " ind2=" ">
<subfield code="q">application/pdf</subfield>
</datafield>
<datafield tag="856" ind1="4" ind2="0">
<subfield code="u">https://www.revistas.usp.br/actafisiatrica/article/view/114500</subfield>
</datafield>  <datafield tag="786" ind1="0" ind2=" ">
<subfield code="n">Acta Fisiátrica; v. 22 n. 2 (2015)</subfield>
</datafield>  <datafield tag="546" ind1=" " ind2=" ">
<subfield code="a">eng</subfield>
</datafield>   <datafield tag="540" ind1=" " ind2=" ">
<subfield code="a">Copyright (c) 2015 Acta Fisiátrica</subfield>
</datafield>
</record>
</metadata>
</record>