
<record>
<header>
<identifier>oai:revistas.usp.br:article/114503</identifier>
<datestamp>2019-10-14T17:19:51Z</datestamp>
<setSpec>actafisiatrica:Art.+Orig.</setSpec>
<setSpec>driver</setSpec>
</header>
<metadata>
<record xmlns="http://www.loc.gov/MARC21/slim" xmlns:xsi="http://www.w3.org/2001/XMLSchema-instance" xsi:schemaLocation="http://www.loc.gov/MARC21/slim http://www.loc.gov/standards/marcxml/schema/MARC21slim.xsd">
<leader>     nmb a2200000Iu 4500</leader>
<controlfield tag="008">"150609 2015                        eng  "</controlfield>
<datafield tag="022" ind1="#" ind2="#">
<subfield code="$a">2317-0190</subfield>
</datafield>
<datafield tag="022" ind1="#" ind2="#">
<subfield code="$a">0104-7795</subfield>
</datafield>
<datafield tag="042" ind1=" " ind2=" ">
<subfield code="a">dc</subfield>
</datafield>
<datafield tag="245" ind1="0" ind2="0">
<subfield code="a">Adaptação transcultural da Motor Assessment Scale (MAS) para o Brasil</subfield>
</datafield>  <datafield tag="720" ind1="1" ind2=" ">
<subfield code="a">Wanderley, Elaine Lima Silva</subfield>
</datafield>
<datafield tag="720" ind1="1" ind2=" ">
<subfield code="a">Teixeira-Salmela, Luci Fuscaldi</subfield>
<subfield code="u">Universidade Federal de Minas Gerais</subfield></datafield>
<datafield tag="720" ind1="1" ind2=" ">
<subfield code="a">Laurentino, Glória Elizabeth</subfield>
<subfield code="u">Universidade Federal de Pernambuco</subfield></datafield>
<datafield tag="720" ind1="1" ind2=" ">
<subfield code="a">Simões, Luan César</subfield>
<subfield code="u">Faculdade Estácio do Rio Grande do Norte</subfield></datafield>
<datafield tag="520" ind1=" " ind2=" ">
<subfield code="a"> Objective: To make a cross-cultural adaptation of the MAS for Brazil. Method: The process of cross-cultural adaptation took place in five stages: 1) translation of the original version of the MAS by two independent bilingual translators; 2) synthesis of translations (creation of version 1); 3) back-translation (version 1 in Portuguese was reversed to English by two independent bilingual translators); 4) analysis by the specialists committee (four translators and two physiotherapists); 5) pre-test (application of the instrument in the target population). A Delphi study was also performed and the instrument was submitted to the approval of ten physiotherapists from different states in the country. Results: The consensus about the clarity, semantic equivalence, and technicalscientific relevance of MAS-Brazil was obtained in the second phase of the Delphi study, with agreement between 80 and 100%. In the first phase of the Delphi study, suggestions were made to improve the clarity of the items, which resulted in the Delphi-2 list. Conclusion: The MAS-Brazil was created through an appropriate process of cross-cultural adaptation, ensuring its semantic equivalence and cultural adequacy. It is still necessary to verify the measuring properties of this version for its appropriate use clinically and in research. </subfield>
</datafield>
<datafield tag="260" ind1=" " ind2=" ">
<subfield code="b">Faculdade de Medicina, Universidade de São Paulo</subfield>
</datafield>
<dataField tag="260" ind1=" " ind2=" ">
<subfield code="c">2015-06-09 00:00:00</subfield>
</dataField>   <datafield tag="856" ind1=" " ind2=" ">
<subfield code="q">application/pdf</subfield>
</datafield>
<datafield tag="856" ind1=" " ind2=" ">
<subfield code="q">application/pdf</subfield>
</datafield>
<datafield tag="856" ind1="4" ind2="0">
<subfield code="u">https://www.revistas.usp.br/actafisiatrica/article/view/114503</subfield>
</datafield>  <datafield tag="786" ind1="0" ind2=" ">
<subfield code="n">Acta Fisiátrica; v. 22 n. 2 (2015)</subfield>
</datafield>  <datafield tag="546" ind1=" " ind2=" ">
<subfield code="a">eng</subfield>
</datafield>   <datafield tag="540" ind1=" " ind2=" ">
<subfield code="a">Copyright (c) 2015 Acta Fisiátrica</subfield>
</datafield>
</record>
</metadata>
</record>