
<record>
<header>
<identifier>oai:revistas.usp.br:article/114504</identifier>
<datestamp>2019-10-14T17:42:37Z</datestamp>
<setSpec>actafisiatrica:Art.+Orig.</setSpec>
<setSpec>driver</setSpec>
</header>
<metadata>
<record xmlns="http://www.loc.gov/MARC21/slim" xmlns:xsi="http://www.w3.org/2001/XMLSchema-instance" xsi:schemaLocation="http://www.loc.gov/MARC21/slim http://www.loc.gov/standards/marcxml/schema/MARC21slim.xsd">
<leader>     nmb a2200000Iu 4500</leader>
<controlfield tag="008">"150609 2015                        eng  "</controlfield>
<datafield tag="022" ind1="#" ind2="#">
<subfield code="$a">2317-0190</subfield>
</datafield>
<datafield tag="022" ind1="#" ind2="#">
<subfield code="$a">0104-7795</subfield>
</datafield>
<datafield tag="042" ind1=" " ind2=" ">
<subfield code="a">dc</subfield>
</datafield>
<datafield tag="245" ind1="0" ind2="0">
<subfield code="a">Efeito do treino de isostretching na flexibilidade e na força muscular</subfield>
</datafield>  <datafield tag="720" ind1="1" ind2=" ">
<subfield code="a">Pardo, Maria Silvia</subfield>
</datafield>
<datafield tag="720" ind1="1" ind2=" ">
<subfield code="a">Lima, Ana Angélica Ribeiro de</subfield>
<subfield code="u">Universidade de São Paulo. Faculdade de Medicina. Laboratório de Fisioterapia e Comportamento</subfield></datafield>
<datafield tag="720" ind1="1" ind2=" ">
<subfield code="a">Simões, Mariene Scaranello</subfield>
<subfield code="u">Universidade de São Paulo. Faculdade de Medicina. Laboratório de Fisioterapia e Comportamento</subfield></datafield>
<datafield tag="720" ind1="1" ind2=" ">
<subfield code="a">Goya, Priscila Santos Albuquerque</subfield>
<subfield code="u">Instituto de Medicina Física e Reabilitação - Rede Lucy Montoro</subfield></datafield>
<datafield tag="720" ind1="1" ind2=" ">
<subfield code="a">Voos, Mariana Calil</subfield>
<subfield code="u">Universidade de São Paulo. Faculdade de Medicina. Laboratório de Fisioterapia e Comportamento</subfield></datafield>
<datafield tag="720" ind1="1" ind2=" ">
<subfield code="a">Caromano, Fátima Aparecida</subfield>
<subfield code="u">Universidade de São Paulo. Faculdade de Medicina. Laboratório de Fisioterapia e Comportamento</subfield></datafield>
<datafield tag="520" ind1=" " ind2=" ">
<subfield code="a"> Objective: To evaluate effects of the isostretching exercise training on flexibility and muscle strength. Method: Thirty-one healthy subjects (27 women), aged between 18 and 28 years, divided into two groups: Group A, isostretching, which has undergone a program of exercises based on the isostretching technique, and Group B, standard, which was subjected to the same exercises using the general technical principles of traditional stretching. The training went on for 12 weeks, twice per week, one hour per session. Flexibility was evaluated through photogrammetry in pre- and post-test, evaluating the wrist-floor distance and classifying posture according to the categories of muscle shortening described by Kendall, while muscle strength was assessed using a handgrip dynamometer. Results: There was no statistically significant difference between the results for each group in the flexibility test. Analysis of clinical significance and improvement by the Reliable Change Index (RCI) showed an improvement in flexibility affecting 14 subjects from both groups. Analysis of body contour in group A showed attenuation in the curvatures of the cervical, thoracic, and lumbar spine, as well as the hip flexion angle, and group B showed attenuation in the curvature of the cervical spine and hip flexion angle. Group A showed statistically significant differences in some specific muscle groups, but with no clinical significance. Conclusion: Both interventions affected flexibility in a statistically similar way, but had a different impact on the curvatures of the spine. Isostretching training clinically changed the flexibility of healthy individuals, with evidence that more intense or longer workouts can affect muscle strength </subfield>
</datafield>
<datafield tag="260" ind1=" " ind2=" ">
<subfield code="b">Faculdade de Medicina, Universidade de São Paulo</subfield>
</datafield>
<dataField tag="260" ind1=" " ind2=" ">
<subfield code="c">2015-06-09 00:00:00</subfield>
</dataField>   <datafield tag="856" ind1=" " ind2=" ">
<subfield code="q">application/pdf</subfield>
</datafield>
<datafield tag="856" ind1=" " ind2=" ">
<subfield code="q">application/pdf</subfield>
</datafield>
<datafield tag="856" ind1="4" ind2="0">
<subfield code="u">https://www.revistas.usp.br/actafisiatrica/article/view/114504</subfield>
</datafield>  <datafield tag="786" ind1="0" ind2=" ">
<subfield code="n">Acta Fisiátrica; v. 22 n. 2 (2015)</subfield>
</datafield>  <datafield tag="546" ind1=" " ind2=" ">
<subfield code="a">eng</subfield>
</datafield>   <datafield tag="540" ind1=" " ind2=" ">
<subfield code="a">Copyright (c) 2015 Acta Fisiátrica</subfield>
</datafield>
</record>
</metadata>
</record>