
<record>
<header>
<identifier>oai:revistas.usp.br:article/114507</identifier>
<datestamp>2019-11-21T21:21:31Z</datestamp>
<setSpec>actafisiatrica:Art.+Orig.</setSpec>
<setSpec>driver</setSpec>
</header>
<metadata>
<record xmlns="http://www.loc.gov/MARC21/slim" xmlns:xsi="http://www.w3.org/2001/XMLSchema-instance" xsi:schemaLocation="http://www.loc.gov/MARC21/slim http://www.loc.gov/standards/marcxml/schema/MARC21slim.xsd">
<leader>     nmb a2200000Iu 4500</leader>
<controlfield tag="008">"150609 2015                        eng  "</controlfield>
<datafield tag="022" ind1="#" ind2="#">
<subfield code="$a">2317-0190</subfield>
</datafield>
<datafield tag="022" ind1="#" ind2="#">
<subfield code="$a">0104-7795</subfield>
</datafield>
<datafield tag="042" ind1=" " ind2=" ">
<subfield code="a">dc</subfield>
</datafield>
<datafield tag="245" ind1="0" ind2="0">
<subfield code="a">Estrutura fatorial, validade e consistência interna da Body Appreciation Scale para homens brasileiros fisicamente ativos com lesão medular</subfield>
</datafield>  <datafield tag="720" ind1="1" ind2=" ">
<subfield code="a">Neves, Angela Nogueira</subfield>
<subfield code="u">Federal Professional Education Courses</subfield></datafield>
<datafield tag="720" ind1="1" ind2=" ">
<subfield code="a">Lorey, Grace Altmann</subfield>
</datafield>
<datafield tag="720" ind1="1" ind2=" ">
<subfield code="a">Campana, Mateus Betanho</subfield>
</datafield>
<datafield tag="720" ind1="1" ind2=" ">
<subfield code="a">Ferreira, Lucilene</subfield>
</datafield>
<datafield tag="720" ind1="1" ind2=" ">
<subfield code="a">Silva, Dirceu da</subfield>
</datafield>
<datafield tag="520" ind1=" " ind2=" ">
<subfield code="a"> Objective: The aim of this study was to examine the Body Appreciation Scale and its psychometric properties: specifically, the validity of its construct and its internal consistency, for persons with spinal cord injuries in Brazil. Method: A non-probabilistic sample of 70 adult men between 18 and 59 years of age who participated in this study. Partial least squares with path modeling, average variance extracted, squared correlation of the factors, bivariate correlation, variance analysis, Cronbach’s alpha test, and a Composite reliability test were conducted to evaluate factor structure, convergent, discriminant, concurrent, and divergent validity and internal consistency, respectively. Results: The confirmatory factor analysis confirmed the 2-factor solution model, predicted by theory. Convergent and discriminant evidence of validity was provided. Internal consistency values were satisfactory. Weak evidence of concurrent and divergent validity were generated. Conclusion: The Body Appreciation Scale appears to be a valid and reliable scale for researchers, especially in samples of physically active men with spinal cord injury. This new scale could be used to evaluate the impact of physical therapy on body image, as well the impact of sports practice. In this way, it could provide relevant information with which physicians, physical therapists, and physical educators can guide their interventions. </subfield>
</datafield>
<datafield tag="260" ind1=" " ind2=" ">
<subfield code="b">Faculdade de Medicina, Universidade de São Paulo</subfield>
</datafield>
<dataField tag="260" ind1=" " ind2=" ">
<subfield code="c">2015-06-09 00:00:00</subfield>
</dataField>   <datafield tag="856" ind1=" " ind2=" ">
<subfield code="q">application/pdf</subfield>
</datafield>
<datafield tag="856" ind1="4" ind2="0">
<subfield code="u">https://www.revistas.usp.br/actafisiatrica/article/view/114507</subfield>
</datafield>  <datafield tag="786" ind1="0" ind2=" ">
<subfield code="n">Acta Fisiátrica; v. 22 n. 2 (2015)</subfield>
</datafield>  <datafield tag="546" ind1=" " ind2=" ">
<subfield code="a">eng</subfield>
</datafield>   <datafield tag="540" ind1=" " ind2=" ">
<subfield code="a">Copyright (c) 2015 Acta Fisiátrica</subfield>
</datafield>
</record>
</metadata>
</record>