
<record>
<header>
<identifier>oai:revistas.usp.br:article/114509</identifier>
<datestamp>2019-10-14T17:54:15Z</datestamp>
<setSpec>actafisiatrica:Art.+Orig.</setSpec>
<setSpec>driver</setSpec>
</header>
<metadata>
<record xmlns="http://www.loc.gov/MARC21/slim" xmlns:xsi="http://www.w3.org/2001/XMLSchema-instance" xsi:schemaLocation="http://www.loc.gov/MARC21/slim http://www.loc.gov/standards/marcxml/schema/MARC21slim.xsd">
<leader>     nmb a2200000Iu 4500</leader>
<controlfield tag="008">"150609 2015                        eng  "</controlfield>
<datafield tag="022" ind1="#" ind2="#">
<subfield code="$a">2317-0190</subfield>
</datafield>
<datafield tag="022" ind1="#" ind2="#">
<subfield code="$a">0104-7795</subfield>
</datafield>
<datafield tag="042" ind1=" " ind2=" ">
<subfield code="a">dc</subfield>
</datafield>
<datafield tag="245" ind1="0" ind2="0">
<subfield code="a">Influência do tratamento por ondas de choque sobre a dor em mulheres portadoras de osteoartrite de joelho</subfield>
</datafield>  <datafield tag="720" ind1="1" ind2=" ">
<subfield code="a">Imamura, Marta</subfield>
<subfield code="u">Universidade de São Paulo. Faculdade de Medicina. Instituto de Medicina Física e Reabilitação do Hospital das Clínicas</subfield><subfield code="0">https://orcid.org/0000-0003-0355-9697</subfield></datafield>
<datafield tag="720" ind1="1" ind2=" ">
<subfield code="a">Alfieri, Fabio Marcon</subfield>
<subfield code="u">Centro Universitário Adventista de São Paulo</subfield></datafield>
<datafield tag="720" ind1="1" ind2=" ">
<subfield code="a">Plapler, Pérola Grinberg</subfield>
<subfield code="u">Universidade de São Paulo. Faculdade de Medicina. Instituto de Ortopedia e Traumatologia do Hospital das Clínicas</subfield></datafield>
<datafield tag="720" ind1="1" ind2=" ">
<subfield code="a">Hsing, Wu Tu</subfield>
<subfield code="u">Universidade de São Paulo. Faculdade de Medicina. Instituto de Ortopedia e Traumatologia do Hospital das Clínicas</subfield></datafield>
<datafield tag="720" ind1="1" ind2=" ">
<subfield code="a">Battistella, Linamara Rizzo</subfield>
<subfield code="u">Universidade de São Paulo. Faculdade de Medicina. Departamento de MedicinaLegal, Ética Médica, Medicina Social e do Trabalho</subfield><subfield code="0">https://orcid.org/0000-0001-5275-0733</subfield></datafield>
<datafield tag="520" ind1=" " ind2=" ">
<subfield code="a"> Osteoarthritis is the most common articular disease that causes pain to its sufferers. Shockwave therapy is among the many treatments that can be used. Objective: The objective of this study was to observe the influence of shockwave therapy on the intensity of pain in elderly women with knee OA. Method: In this study, 40 elderly females (69.57 ± 6.42 years) were submitted to weekly shockwave therapy with 2000 impulses at 2.5 to 4.0 bar, at a frequency of 8Hz, at the location most painful to touch in the knee, the medial articular interline, for three consecutive weeks. The effect of its application on the pain was evaluated by the visual analogue scale before and after the treatment. Results: There was a significant reduction (p &lt; 0.0001) of pain intensity in the volunteers, going from 7.86 ± 1.07 cm to 5.32 ± 2.26 cm. Conclusion: The application of shockwave therapy has been shown to reduce pain in elderly females with osteoarthritis. </subfield>
</datafield>
<datafield tag="260" ind1=" " ind2=" ">
<subfield code="b">Faculdade de Medicina, Universidade de São Paulo</subfield>
</datafield>
<dataField tag="260" ind1=" " ind2=" ">
<subfield code="c">2015-06-09 00:00:00</subfield>
</dataField>   <datafield tag="856" ind1=" " ind2=" ">
<subfield code="q">application/pdf</subfield>
</datafield>
<datafield tag="856" ind1=" " ind2=" ">
<subfield code="q">application/pdf</subfield>
</datafield>
<datafield tag="856" ind1="4" ind2="0">
<subfield code="u">https://www.revistas.usp.br/actafisiatrica/article/view/114509</subfield>
</datafield>  <datafield tag="786" ind1="0" ind2=" ">
<subfield code="n">Acta Fisiátrica; v. 22 n. 2 (2015)</subfield>
</datafield>  <datafield tag="546" ind1=" " ind2=" ">
<subfield code="a">eng</subfield>
</datafield>   <datafield tag="540" ind1=" " ind2=" ">
<subfield code="a">Copyright (c) 2015 Acta Fisiátrica</subfield>
</datafield>
</record>
</metadata>
</record>
<resumptionToken expirationDate="2023-08-08T14:50:18Z" completeListSize="935" cursor="525">00f0b43813f3fc5d26b0f96e9770eb22</resumptionToken>
</ListRecords>
</OAI-PMH> 